<?xml version="1.0" encoding="UTF-8"?>
<!DOCTYPE html PUBLIC "-//W3C//DTD XHTML 1.0 Transitional//EN"
    "http://www.w3.org/TR/xhtml1/DTD/xhtml1-transitional.dtd">
<html xmlns="http://www.w3.org/1999/xhtml" xml:lang="en" lang="en">
 <head>
  <title>
</title>
<meta http-equiv="Content-Type" content="text/html;charset=utf-8" />
  <meta name='ocr-system' content='tesseract 3.04.00' />
  <meta name='ocr-capabilities' content='ocr_page ocr_carea ocr_par ocr_line ocrx_word'/>
</head>
<body>
  <div class='ocr_page' id='page_1' title='image "./ricardidawesiim02kiddgoog_0353.png"; bbox 0 0 3032 4898; ppageno 0'>
   <div class='ocr_carea' id='block_1_1' title="bbox 1508 408 1657 475">
    <p class='ocr_par' dir='ltr' id='par_1_1' title="bbox 1508 408 1657 475">
     <span class='ocr_line' id='line_1_1' title="bbox 1508 408 1657 475; baseline 0 0"><span class='ocrx_word' id='word_1_1' title='bbox 1508 408 1657 475; x_wconf 78' lang='lat'><strong>264</strong></span> 
     </span>
    </p>
   </div>
   <div class='ocr_carea' id='block_1_2' title="bbox 267 590 2693 965">
    <p class='ocr_par' dir='ltr' id='par_1_2' title="bbox 267 590 2693 965">
     <span class='ocr_line' id='line_1_2' title="bbox 267 590 2693 691; baseline -0.006 -17"><span class='ocrx_word' id='word_1_2' title='bbox 267 625 447 674; x_wconf 64' lang='lat' dir='ltr'><strong>sacr.</strong></span> <span class='ocrx_word' id='word_1_3' title='bbox 579 601 752 670; x_wconf 82' lang='grc'><strong>639.</strong></span> <span class='ocrx_word' id='word_1_4' title='bbox 788 634 888 650; x_wconf 88' lang='grc'><strong>--</strong></span> <span class='ocrx_word' id='word_1_5' title='bbox 915 593 991 678; x_wconf 76' lang='grc' dir='ltr'><strong>ὃς</strong></span> <span class='ocrx_word' id='word_1_6' title='bbox 1023 590 1395 691; x_wconf 79' lang='grc' dir='ltr'>Ευρυσθηός</span> <span class='ocrx_word' id='word_1_7' title='bbox 1430 623 1708 674; x_wconf 74' lang='grc' dir='ltr'><strong>ανακτος</strong></span> <span class='ocrx_word' id='word_1_8' title='bbox 1742 593 2072 689; x_wconf 73' lang='grc' dir='ltr'><strong>Αγγελιης</strong></span> <span class='ocrx_word' id='word_1_9' title='bbox 2102 591 2444 686; x_wconf 77' lang='grc' dir='ltr'><strong>οιχνεσκε]</strong></span> <span class='ocrx_word' id='word_1_10' title='bbox 2543 591 2693 666; x_wconf 82' lang='lat' dir='ltr'><strong>Re-</strong></span> 
     </span>
     <span class='ocr_line' id='line_1_3' title="bbox 309 687 2687 793; baseline -0.001 -25"><span class='ocrx_word' id='word_1_11' title='bbox 309 689 394 736; x_wconf 74' lang='lat' dir='ltr'><strong>¹V·</strong></span> <span class='ocrx_word' id='word_1_12' title='bbox 480 694 830 793; x_wconf 83' lang='lat' dir='ltr'><strong>ponenda</strong></span> <span class='ocrx_word' id='word_1_13' title='bbox 860 701 979 767; x_wconf 82' lang='lat' dir='ltr'><strong>est</strong></span> <span class='ocrx_word' id='word_1_14' title='bbox 1012 694 1246 768; x_wconf 88' lang='lat' dir='ltr'><strong>altera</strong></span> <span class='ocrx_word' id='word_1_15' title='bbox 1280 692 1426 764; x_wconf 86' lang='lat' dir='ltr'><strong>ista</strong></span> <span class='ocrx_word' id='word_1_16' title='bbox 1473 689 1727 777; x_wconf 86' lang='lat' dir='ltr'><strong>lectio,</strong></span> <span class='ocrx_word' id='word_1_17' title='bbox 1776 688 1995 785; x_wconf 86' lang='lat' dir='ltr'><strong>cujus</strong></span> <span class='ocrx_word' id='word_1_18' title='bbox 2025 687 2373 762; x_wconf 84' lang='lat' dir='ltr'><strong>meminit</strong></span> <span class='ocrx_word' id='word_1_19' title='bbox 2411 689 2687 765; x_wconf 83' lang='lat' dir='ltr'><strong>Eusta-</strong></span> 
     </span>
     <span class='ocr_line' id='line_1_4' title="bbox 478 786 2683 965; baseline -0.001 -99"><span class='ocrx_word' id='word_1_20' title='bbox 478 792 708 965; x_wconf 54' lang='grc' dir='ltr'><strong>ἓίὲίἐιε,</strong></span> <span class='ocrx_word' id='word_1_21' title='bbox 773 796 1144 892; x_wconf 75' lang='grc' dir='ltr'><strong>Ευρυσθηὸς</strong></span> <span class='ocrx_word' id='word_1_22' title='bbox 1191 793 1447 864; x_wconf 71' lang='grc' dir='ltr'>αἱεθλων</span> <span class='ocrx_word' id='word_1_23' title='bbox 1471 791 1546 861; x_wconf 86' lang='lat'><strong>⁹¹.</strong></span> <span class='ocrx_word' id='word_1_24' title='bbox 1608 811 1837 884; x_wconf 90' lang='lat' dir='ltr'><strong>quam</strong></span> <span class='ocrx_word' id='word_1_25' title='bbox 1894 789 2126 863; x_wconf 84' lang='lat' dir='ltr'><strong>etiam</strong></span> <span class='ocrx_word' id='word_1_26' title='bbox 2186 786 2541 941; x_wconf 79' lang='lat' dir='ltr'><strong>videmus</strong></span> <span class='ocrx_word' id='word_1_27' title='bbox 2600 798 2683 864; x_wconf 83' lang='grc' dir='ltr'><strong>Θ.</strong></span> 
     </span>
    </p>
   </div>
   <div class='ocr_carea' id='block_1_3' title="bbox 669 1025 2536 1122">
    <p class='ocr_par' dir='ltr' id='par_1_3' title="bbox 669 1025 2536 1122">
     <span class='ocr_line' id='line_1_5' title="bbox 669 1025 2536 1122; baseline -0.002 -26"><span class='ocrx_word' id='word_1_28' title='bbox 669 1031 1048 1122; x_wconf 76' lang='grc' dir='ltr'>Τειρομενον</span> <span class='ocrx_word' id='word_1_29' title='bbox 1083 1025 1367 1094; x_wconf 80' lang='grc' dir='ltr'><strong>σωέσκον</strong></span> <span class='ocrx_word' id='word_1_30' title='bbox 1399 1025 1489 1095; x_wconf 70' lang='lat' dir='ltr'><strong>{m-</strong></span> <span class='ocrx_word' id='word_1_31' title='bbox 1526 1027 2083 1094; x_wconf 80' lang='grc' dir='ltr'><strong>ΕΥΡΥΣΘΗΟΣ</strong></span> <span class='ocrx_word' id='word_1_32' title='bbox 2136 1026 2536 1093; x_wconf 84' lang='grc' dir='ltr'><strong>ΑΕΘΛΩΝ.</strong></span> 
     </span>
    </p>
   </div>
   <div class='ocr_carea' id='block_1_4' title="bbox 479 1164 781 1233">
    <p class='ocr_par' dir='ltr' id='par_1_4' title="bbox 479 1164 781 1233">
     <span class='ocr_line' id='line_1_6' title="bbox 479 1164 781 1233; baseline -0.007 0"><span class='ocrx_word' id='word_1_33' title='bbox 479 1166 570 1233; x_wconf 85' lang='grc' dir='ltr'><strong>Π.</strong></span> <span class='ocrx_word' id='word_1_34' title='bbox 610 1164 781 1232; x_wconf 86' lang='grc'><strong>370.</strong></span> 
     </span>
    </p>
   </div>
   <div class='ocr_carea' id='block_1_5' title="bbox 672 1291 2351 1488">
    <p class='ocr_par' dir='ltr' id='par_1_5' title="bbox 672 1291 2351 1488">
     <span class='ocr_line' id='line_1_7' title="bbox 675 1291 2282 1390; baseline -0.001 -25"><span class='ocrx_word' id='word_1_35' title='bbox 675 1298 945 1367; x_wconf 82' lang='grc' dir='ltr'>Πολλοι</span> <span class='ocrx_word' id='word_1_36' title='bbox 975 1295 1013 1367; x_wconf 74' lang='grc' dir='ltr'>ὃ</span> <span class='ocrx_word' id='word_1_37' title='bbox 1045 1327 1112 1365; x_wconf 86' lang='grc' dir='ltr'><strong>εν</strong></span> <span class='ocrx_word' id='word_1_38' title='bbox 1144 1310 1367 1389; x_wconf 71' lang='grc' dir='ltr'>ταφρῳ</span> <span class='ocrx_word' id='word_1_39' title='bbox 1399 1292 1834 1390; x_wconf 71' lang='grc' dir='ltr'><strong>ἑρυσᾶρματες</strong></span> <span class='ocrx_word' id='word_1_40' title='bbox 1868 1322 2058 1371; x_wconf 66' lang='lat' dir='ltr'><strong>coxae</strong></span> <span class='ocrx_word' id='word_1_41' title='bbox 2094 1291 2282 1363; x_wconf 74' lang='grc' dir='ltr'><strong><em>ἱπποι</em></strong></span> 
     </span>
     <span class='ocr_line' id='line_1_8' title="bbox 672 1390 2351 1488; baseline -0.004 -23"><span class='ocrx_word' id='word_1_42' title='bbox 672 1391 914 1475; x_wconf 79' lang='grc' dir='ltr'>Ἀξαντ</span> <span class='ocrx_word' id='word_1_43' title='bbox 947 1423 1014 1464; x_wconf 84' lang='grc' dir='ltr'><strong>εν</strong></span> <span class='ocrx_word' id='word_1_44' title='bbox 1047 1422 1279 1488; x_wconf 60' lang='lat' dir='ltr'><strong>upa-tq»</strong></span> <span class='ocrx_word' id='word_1_45' title='bbox 1313 1391 1494 1487; x_wconf 71' lang='grc' dir='ltr'><strong>ρυμῳ</strong></span> <span class='ocrx_word' id='word_1_46' title='bbox 1533 1393 1730 1463; x_wconf 78' lang='grc' dir='ltr'>λιπον</span> <span class='ocrx_word' id='word_1_47' title='bbox 1766 1390 1979 1485; x_wconf 61' lang='lat' dir='ltr'><strong>cippo-r</strong></span> <span class='ocrx_word' id='word_1_48' title='bbox 2013 1390 2351 1483; x_wconf 74' lang='grc' dir='ltr'><strong>ανακτων]</strong></span> 
     </span>
    </p>
   </div>
   <div class='ocr_carea' id='block_1_6' title="bbox 255 1520 2681 4173">
    <p class='ocr_par' dir='ltr' id='par_1_6' title="bbox 255 1520 2681 4173">
     <span class='ocr_line' id='line_1_9' title="bbox 481 1520 2681 1621; baseline -0.002 -24"><span class='ocrx_word' id='word_1_49' title='bbox 481 1524 779 1598; x_wconf 87' lang='lat' dir='ltr'><strong>Plurale</strong></span> <span class='ocrx_word' id='word_1_50' title='bbox 813 1524 999 1598; x_wconf 80' lang='lat' dir='ltr'><strong>illud</strong></span> <span class='ocrx_word' id='word_1_51' title='bbox 1045 1525 1295 1621; x_wconf 74' lang='grc' dir='ltr'><em>ἁρματα</em></span> <span class='ocrx_word' id='word_1_52' title='bbox 1337 1523 1433 1596; x_wconf 89' lang='lat' dir='ltr'><strong>ad</strong></span> <span class='ocrx_word' id='word_1_53' title='bbox 1478 1521 1933 1596; x_wconf 85' lang='lat' dir='ltr'><strong>sententiam</strong></span> <span class='ocrx_word' id='word_1_54' title='bbox 1986 1520 2177 1595; x_wconf 87' lang='lat' dir='ltr'><strong>adeo</strong></span> <span class='ocrx_word' id='word_1_55' title='bbox 2213 1544 2368 1595; x_wconf 92' lang='lat' dir='ltr'><strong>non</strong></span> <span class='ocrx_word' id='word_1_56' title='bbox 2416 1543 2681 1594; x_wconf 89' lang='lat' dir='ltr'><strong>neces·</strong></span> 
     </span>
     <span class='ocr_line' id='line_1_10' title="bbox 477 1619 2678 1718; baseline -0.001 -22"><span class='ocrx_word' id='word_1_57' title='bbox 477 1623 758 1697; x_wconf 83' lang='lat' dir='ltr'><strong>sarium</strong></span> <span class='ocrx_word' id='word_1_58' title='bbox 823 1632 965 1709; x_wconf 85' lang='lat' dir='ltr'><strong>est,</strong></span> <span class='ocrx_word' id='word_1_59' title='bbox 1055 1630 1145 1695; x_wconf 83' lang='lat' dir='ltr'><strong>ut</strong></span> <span class='ocrx_word' id='word_1_60' title='bbox 1209 1621 1290 1693; x_wconf 94' lang='lat' dir='ltr'><strong>ni</strong></span> <span class='ocrx_word' id='word_1_61' title='bbox 1357 1630 1515 1695; x_wconf 81' lang='lat' dir='ltr'><strong>tam</strong></span> <span class='ocrx_word' id='word_1_62' title='bbox 1583 1619 1981 1718; x_wconf 82' lang='lat' dir='ltr'><strong>singularis</strong></span> <span class='ocrx_word' id='word_1_63' title='bbox 2066 1642 2300 1716; x_wconf 85' lang='lat' dir='ltr'><strong>quam</strong></span> <span class='ocrx_word' id='word_1_64' title='bbox 2366 1619 2678 1716; x_wconf 84' lang='lat' dir='ltr'><strong>pluralis</strong></span> 
     </span>
     <span class='ocr_line' id='line_1_11' title="bbox 477 1719 2678 1815; baseline -0 -22"><span class='ocrx_word' id='word_1_65' title='bbox 477 1722 810 1795; x_wconf 86' lang='lat' dir='ltr'><strong>notionis</strong></span> <span class='ocrx_word' id='word_1_66' title='bbox 862 1729 1064 1795; x_wconf 84' lang='lat' dir='ltr'><strong>esset</strong></span> <span class='ocrx_word' id='word_1_67' title='bbox 1117 1741 1383 1815; x_wconf 84' lang='lat' dir='ltr'><strong>capax,</strong></span> <span class='ocrx_word' id='word_1_68' title='bbox 1461 1719 1535 1792; x_wconf 92' lang='lat' dir='ltr'><strong>h.</strong></span> <span class='ocrx_word' id='word_1_69' title='bbox 1583 1742 1647 1792; x_wconf 90' lang='lat' dir='ltr'><strong>e.</strong></span> <span class='ocrx_word' id='word_1_70' title='bbox 1718 1719 1799 1792; x_wconf 89' lang='lat' dir='ltr'><strong>ni</strong></span> <span class='ocrx_word' id='word_1_71' title='bbox 1855 1728 2012 1792; x_wconf 85' lang='lat' dir='ltr'><strong>tam</strong></span> <span class='ocrx_word' id='word_1_72' title='bbox 2074 1720 2170 1791; x_wconf 91' lang='lat' dir='ltr'><strong>de</strong></span> <span class='ocrx_word' id='word_1_73' title='bbox 2228 1742 2382 1792; x_wconf 92' lang='lat' dir='ltr'><strong>uno</strong></span> <span class='ocrx_word' id='word_1_74' title='bbox 2451 1742 2678 1792; x_wconf 89' lang='lat' dir='ltr'><strong>curru</strong></span> 
     </span>
     <span class='ocr_line' id='line_1_12' title="bbox 476 1816 2679 1915; baseline -0.001 -23"><span class='ocrx_word' id='word_1_75' title='bbox 476 1842 706 1914; x_wconf 85' lang='lat' dir='ltr'><strong>quam</strong></span> <span class='ocrx_word' id='word_1_76' title='bbox 772 1820 867 1892; x_wconf 90' lang='lat' dir='ltr'><strong>de</strong></span> <span class='ocrx_word' id='word_1_77' title='bbox 934 1817 1279 1915; x_wconf 86' lang='lat' dir='ltr'><strong>pluribus</strong></span> <span class='ocrx_word' id='word_1_78' title='bbox 1346 1817 1696 1915; x_wconf 86' lang='lat' dir='ltr'><strong>usurpari</strong></span> <span class='ocrx_word' id='word_1_79' title='bbox 1766 1825 2052 1913; x_wconf 86' lang='lat' dir='ltr'><strong>posset,</strong></span> <span class='ocrx_word' id='word_1_80' title='bbox 2126 1817 2222 1890; x_wconf 84' lang='lat' dir='ltr'><strong>de</strong></span> <span class='ocrx_word' id='word_1_81' title='bbox 2301 1816 2679 1890; x_wconf 81' lang='lat' dir='ltr'><strong>sententia</strong></span> 
     </span>
     <span class='ocr_line' id='line_1_13' title="bbox 477 1914 2676 2011; baseline -0.001 -22"><span class='ocrx_word' id='word_1_82' title='bbox 477 1918 697 2011; x_wconf 85' lang='lat' dir='ltr'><strong>plane</strong></span> <span class='ocrx_word' id='word_1_83' title='bbox 774 1916 1322 1989; x_wconf 84' lang='lat' dir='ltr'><strong>conclamatum</strong></span> <span class='ocrx_word' id='word_1_84' title='bbox 1411 1914 1634 1989; x_wconf 86' lang='lat' dir='ltr'><strong>foret.</strong></span> <span class='ocrx_word' id='word_1_85' title='bbox 1790 1916 2245 1988; x_wconf 85' lang='lat' dir='ltr'><strong>Observavit</strong></span> <span class='ocrx_word' id='word_1_86' title='bbox 2328 1916 2676 1989; x_wconf 87' lang='lat' dir='ltr'><strong>eruditus</strong></span> 
     </span>
     <span class='ocr_line' id='line_1_14' title="bbox 255 2002 2674 2108; baseline -0.005 -10"><span class='ocrx_word' id='word_1_87' title='bbox 255 2002 448 2098; x_wconf 55' lang='lat'><strong>„150</strong></span> <span class='ocrx_word' id='word_1_88' title='bbox 480 2017 524 2059; x_wconf 67' lang='lat'><strong>⁴·</strong></span> <span class='ocrx_word' id='word_1_89' title='bbox 562 2014 911 2088; x_wconf 85' lang='lat' dir='ltr'><strong>Clarkius</strong></span> <span class='ocrx_word' id='word_1_90' title='bbox 970 2036 1282 2087; x_wconf 86' lang='lat' dir='ltr'><strong>numero</strong></span> <span class='ocrx_word' id='word_1_91' title='bbox 1358 2014 1562 2086; x_wconf 90' lang='lat' dir='ltr'><strong>duali</strong></span> <span class='ocrx_word' id='word_1_92' title='bbox 1638 2013 1870 2097; x_wconf 75' lang='grc' dir='ltr'><em>α’ξαντε</em></span> <span class='ocrx_word' id='word_1_93' title='bbox 1926 2013 2148 2087; x_wconf 88' lang='lat' dir='ltr'><strong>binos</strong></span> <span class='ocrx_word' id='word_1_94' title='bbox 2208 2014 2290 2086; x_wconf 93' lang='lat' dir='ltr'><strong>in</strong></span> <span class='ocrx_word' id='word_1_95' title='bbox 2355 2013 2674 2108; x_wconf 82' lang='lat' dir='ltr'><strong>singulis</strong></span> 
     </span>
     <span class='ocr_line' id='line_1_15' title="bbox 478 2110 2673 2207; baseline -0.001 -21"><span class='ocrx_word' id='word_1_96' title='bbox 478 2113 820 2186; x_wconf 85' lang='lat' dir='ltr'><strong>curribus</strong></span> <span class='ocrx_word' id='word_1_97' title='bbox 853 2135 1087 2207; x_wconf 90' lang='lat' dir='ltr'><strong>equos</strong></span> <span class='ocrx_word' id='word_1_98' title='bbox 1121 2110 1352 2184; x_wconf 86' lang='lat' dir='ltr'><strong>fuisse</strong></span> <span class='ocrx_word' id='word_1_99' title='bbox 1386 2112 1723 2185; x_wconf 85' lang='lat' dir='ltr'><strong>indicari.</strong></span> <span class='ocrx_word' id='word_1_100' title='bbox 1804 2112 2068 2186; x_wconf 83' lang='lat' dir='ltr'>Recte.</span> <span class='ocrx_word' id='word_1_101' title='bbox 2136 2112 2387 2186; x_wconf 86' lang='lat' dir='ltr'><strong>Locus</strong></span> <span class='ocrx_word' id='word_1_102' title='bbox 2415 2120 2673 2185; x_wconf 87' lang='lat' dir='ltr'><strong>autem</strong></span> 
     </span>
     <span class='ocr_line' id='line_1_16' title="bbox 476 2209 2676 2308; baseline -0.001 -24"><span class='ocrx_word' id='word_1_103' title='bbox 476 2209 588 2284; x_wconf 79' lang='lat' dir='ltr'><strong>sic</strong></span> <span class='ocrx_word' id='word_1_104' title='bbox 633 2211 1246 2308; x_wconf 90' lang='lat' dir='ltr'><strong>interpretandus</strong></span> <span class='ocrx_word' id='word_1_105' title='bbox 1290 2219 1450 2283; x_wconf 85' lang='lat' dir='ltr'><strong>est:</strong></span> <span class='ocrx_word' id='word_1_106' title='bbox 1516 2214 1781 2283; x_wconf 81' lang='grc' dir='ltr'>Πολλοι</span> <span class='ocrx_word' id='word_1_107' title='bbox 1839 2211 2024 2283; x_wconf 66' lang='lat' dir='ltr'><strong>ivn-arm</strong></span> <span class='ocrx_word' id='word_1_108' title='bbox 2075 2210 2329 2290; x_wconf 79' lang='grc' dir='ltr'><strong>ᾰξαντε.</strong></span> <span class='ocrx_word' id='word_1_109' title='bbox 2433 2210 2676 2283; x_wconf 76' lang='lat' dir='ltr'><strong>Multi</strong></span> 
     </span>
     <span class='ocr_line' id='line_1_17' title="bbox 474 2307 2677 2407; baseline -0 -25"><span class='ocrx_word' id='word_1_110' title='bbox 474 2309 645 2406; x_wconf 78' lang='lat' dir='ltr'><strong>equi</strong></span> <span class='ocrx_word' id='word_1_111' title='bbox 685 2308 1489 2407; x_wconf 67' lang='lat' dir='ltr'><strong>bini-cum-sregissent:</strong></span> <span class='ocrx_word' id='word_1_112' title='bbox 1559 2309 1809 2404; x_wconf 77' lang='lat' dir='ltr'><strong>Many</strong></span> <span class='ocrx_word' id='word_1_113' title='bbox 1865 2310 2121 2382; x_wconf 69' lang='lat' dir='ltr'><strong>horse-3</strong></span> <span class='ocrx_word' id='word_1_114' title='bbox 2171 2309 2447 2406; x_wconf 77' lang='lat' dir='ltr'><strong>having</strong></span> <span class='ocrx_word' id='word_1_115' title='bbox 2496 2307 2677 2381; x_wconf 78' lang='lat' dir='ltr'><strong>each</strong></span> 
     </span>
     <span class='ocr_line' id='line_1_18' title="bbox 459 2406 2676 2506; baseline -0.001 -25"><span class='ocrx_word' id='word_1_116' title='bbox 459 2408 653 2506; x_wconf 79' lang='lat' dir='ltr'><strong>pair</strong></span> <span class='ocrx_word' id='word_1_117' title='bbox 703 2409 800 2506; x_wconf 73' lang='lat' dir='ltr'><strong>‘ff</strong></span> <span class='ocrx_word' id='word_1_118' title='bbox 840 2408 1027 2482; x_wconf 77' lang='lat' dir='ltr'><strong>them</strong></span> <span class='ocrx_word' id='word_1_119' title='bbox 1084 2406 1350 2481; x_wconf 78' lang='lat' dir='ltr'><em>broken</em></span> <span class='ocrx_word' id='word_1_120' title='bbox 1376 2435 1401 2482; x_wconf 91' lang='lat'><strong>.·</strong></span> <span class='ocrx_word' id='word_1_121' title='bbox 1468 2430 1647 2492; x_wconf 89' lang='lat' dir='ltr'><strong>non,</strong></span> <span class='ocrx_word' id='word_1_122' title='bbox 1707 2407 1915 2481; x_wconf 81' lang='lat' dir='ltr'><strong>multi</strong></span> <span class='ocrx_word' id='word_1_123' title='bbox 1967 2408 2135 2506; x_wconf 78' lang='lat' dir='ltr'><strong>equi</strong></span> <span class='ocrx_word' id='word_1_124' title='bbox 2199 2432 2355 2482; x_wconf 77' lang='lat' dir='ltr'><strong>cum</strong></span> <span class='ocrx_word' id='word_1_125' title='bbox 2369 2407 2676 2505; x_wconf 71' lang='lat' dir='ltr'><strong>fregis-</strong></span> 
     </span>
     <span class='ocr_line' id='line_1_19' title="bbox 472 2504 2670 2604; baseline 0 -25"><span class='ocrx_word' id='word_1_126' title='bbox 472 2517 674 2590; x_wconf 50' lang='lat' dir='ltr'><strong>een&amp;</strong></span> <span class='ocrx_word' id='word_1_127' title='bbox 721 2533 935 2603; x_wconf 79' lang='lat' dir='ltr'><strong>many</strong></span> <span class='ocrx_word' id='word_1_128' title='bbox 988 2508 1242 2580; x_wconf 68' lang='lat' dir='ltr'><strong>horse-5·</strong></span> <span class='ocrx_word' id='word_1_129' title='bbox 1298 2507 1571 2604; x_wconf 78' lang='lat' dir='ltr'><strong>having</strong></span> <span class='ocrx_word' id='word_1_130' title='bbox 1613 2504 1879 2579; x_wconf 80' lang='lat' dir='ltr'><em>broken</em></span> <span class='ocrx_word' id='word_1_131' title='bbox 1904 2534 1932 2579; x_wconf 92' lang='lat'><strong>.·</strong></span> <span class='ocrx_word' id='word_1_132' title='bbox 1992 2507 2139 2581; x_wconf 85' lang='lat' dir='ltr'><strong>hoc</strong></span> <span class='ocrx_word' id='word_1_133' title='bbox 2194 2506 2396 2580; x_wconf 92' lang='lat' dir='ltr'><strong>enim</strong></span> <span class='ocrx_word' id='word_1_134' title='bbox 2455 2514 2670 2579; x_wconf 85' lang='lat' dir='ltr'><strong>vetat</strong></span> 
     </span>
     <span class='ocr_line' id='line_1_20' title="bbox 474 2604 2672 2701; baseline -0.001 -23"><span class='ocrx_word' id='word_1_135' title='bbox 474 2628 964 2679; x_wconf 87' lang='lat' dir='ltr'><strong>numerorum</strong></span> <span class='ocrx_word' id='word_1_136' title='bbox 1052 2605 1269 2679; x_wconf 86' lang='lat' dir='ltr'><strong>ratio.</strong></span> <span class='ocrx_word' id='word_1_137' title='bbox 1395 2606 1590 2701; x_wconf 85' lang='lat' dir='ltr'>Age,</span> <span class='ocrx_word' id='word_1_138' title='bbox 1659 2604 1920 2701; x_wconf 85' lang='lat' dir='ltr'><strong>igitur,</strong></span> <span class='ocrx_word' id='word_1_139' title='bbox 1986 2604 2482 2679; x_wconf 86' lang='lat' dir='ltr'><strong>dicendumne</strong></span> <span class='ocrx_word' id='word_1_140' title='bbox 2531 2612 2672 2691; x_wconf 86' lang='lat' dir='ltr'><strong>est,</strong></span> 
     </span>
     <span class='ocr_line' id='line_1_21' title="bbox 473 2700 2667 2800; baseline -0.001 -23"><span class='ocrx_word' id='word_1_141' title='bbox 473 2704 807 2790; x_wconf 83' lang='lat' dir='ltr'><strong>obsecro,</strong></span> <span class='ocrx_word' id='word_1_142' title='bbox 856 2703 1073 2776; x_wconf 90' lang='lat' dir='ltr'><strong>binos</strong></span> <span class='ocrx_word' id='word_1_143' title='bbox 1202 2727 1364 2790; x_wconf 89' lang='lat' dir='ltr'><strong>uos,</strong></span> <span class='ocrx_word' id='word_1_144' title='bbox 1418 2727 1592 2776; x_wconf 87' lang='lat' dir='ltr'><strong>cum</strong></span> <span class='ocrx_word' id='word_1_145' title='bbox 1639 2703 1802 2776; x_wconf 88' lang='lat' dir='ltr'><strong>bini</strong></span> <span class='ocrx_word' id='word_1_146' title='bbox 1836 2703 1917 2775; x_wconf 92' lang='lat' dir='ltr'><strong>in</strong></span> <span class='ocrx_word' id='word_1_147' title='bbox 1965 2703 2286 2800; x_wconf 85' lang='lat' dir='ltr'><strong>singulis</strong></span> <span class='ocrx_word' id='word_1_148' title='bbox 2320 2700 2667 2777; x_wconf 84' lang='lat' dir='ltr'><strong>curribus</strong></span> 
     </span>
     <span class='ocr_line' id='line_1_22' title="bbox 470 2801 2669 2898; baseline 0.001 -27"><span class='ocrx_word' id='word_1_149' title='bbox 470 2810 744 2884; x_wconf 83' lang='lat' dir='ltr'><strong>essent,</strong></span> <span class='ocrx_word' id='word_1_150' title='bbox 823 2824 1084 2873; x_wconf 85' lang='lat' dir='ltr'><strong>currus</strong></span> <span class='ocrx_word' id='word_1_151' title='bbox 1185 2802 1466 2898; x_wconf 81' lang='lat' dir='ltr'><strong>regisse</strong></span> <span class='ocrx_word' id='word_1_152' title='bbox 1534 2802 1792 2898; x_wconf 89' lang='lat' dir='ltr'><strong>plures</strong></span> <span class='ocrx_word' id='word_1_153' title='bbox 1857 2825 1954 2875; x_wconf 89' lang='lat' dir='ltr'><strong>an</strong></span> <span class='ocrx_word' id='word_1_154' title='bbox 2022 2825 2206 2875; x_wconf 86' lang='lat' dir='ltr'><strong>vero</strong></span> <span class='ocrx_word' id='word_1_155' title='bbox 2274 2801 2669 2898; x_wconf 72' lang='lat' dir='ltr'><strong>singulos?</strong></span> 
     </span>
     <span class='ocr_line' id='line_1_23' title="bbox 474 2897 2666 2997; baseline 0.001 -28"><span class='ocrx_word' id='word_1_156' title='bbox 474 2897 739 2991; x_wconf 82' lang='lat' dir='ltr'><strong>ltaque</strong></span> <span class='ocrx_word' id='word_1_157' title='bbox 772 2921 946 2970; x_wconf 84' lang='lat' dir='ltr'><strong>cum</strong></span> <span class='ocrx_word' id='word_1_158' title='bbox 984 2897 1440 2994; x_wconf 79' lang='lat' dir='ltr'><strong>singularem</strong></span> <span class='ocrx_word' id='word_1_159' title='bbox 1472 2900 1861 2973; x_wconf 90' lang='lat' dir='ltr'><strong>notionem</strong></span> <span class='ocrx_word' id='word_1_160' title='bbox 1893 2899 2232 2997; x_wconf 83' lang='lat' dir='ltr'><strong>postulet</strong></span> <span class='ocrx_word' id='word_1_161' title='bbox 2263 2897 2666 2986; x_wconf 82' lang='lat' dir='ltr'><strong>sententia,</strong></span> 
     </span>
     <span class='ocr_line' id='line_1_24' title="bbox 470 2993 2671 3092; baseline 0 -24"><span class='ocrx_word' id='word_1_162' title='bbox 470 2993 788 3068; x_wconf 80' lang='lat' dir='ltr'><strong>formam</strong></span> <span class='ocrx_word' id='word_1_163' title='bbox 843 3002 1099 3068; x_wconf 80' lang='lat' dir='ltr'><strong>autem</strong></span> <span class='ocrx_word' id='word_1_164' title='bbox 1157 2996 1318 3070; x_wconf 87' lang='lat' dir='ltr'><strong>sive</strong></span> <span class='ocrx_word' id='word_1_165' title='bbox 1372 2997 1978 3072; x_wconf 83' lang='lat' dir='ltr'><strong>terminationem</strong></span> <span class='ocrx_word' id='word_1_166' title='bbox 2036 2996 2459 3092; x_wconf 81' lang='lat' dir='ltr'><strong>prosoediae</strong></span> <span class='ocrx_word' id='word_1_167' title='bbox 2512 2996 2671 3068; x_wconf 84' lang='lat' dir='ltr'><strong>Ho-</strong></span> 
     </span>
     <span class='ocr_line' id='line_1_25' title="bbox 470 3092 2667 3194; baseline 0 -28"><span class='ocrx_word' id='word_1_168' title='bbox 470 3092 769 3166; x_wconf 75' lang='lat' dir='ltr'><strong>mericae</strong></span> <span class='ocrx_word' id='word_1_169' title='bbox 829 3093 1071 3175; x_wconf 63' lang='lat' dir='ltr'><strong>ratio}</strong></span> <span class='ocrx_word' id='word_1_170' title='bbox 1136 3095 1703 3170; x_wconf 72' lang='lat' dir='ltr'><strong>rescribendum</strong></span> <span class='ocrx_word' id='word_1_171' title='bbox 1761 3098 1928 3194; x_wconf 74' lang='grc' dir='ltr'><strong>ἅρμα</strong></span> <span class='ocrx_word' id='word_1_172' title='bbox 1986 3094 2307 3167; x_wconf 64' lang='lat' dir='ltr'><strong>‹ivam-ov.</strong></span> <span class='ocrx_word' id='word_1_173' title='bbox 2440 3092 2667 3167; x_wconf 73' lang='lat' dir='ltr'><strong>Libet</strong></span> 
     </span>
     <span class='ocr_line' id='line_1_26' title="bbox 470 3190 2655 3291; baseline 0 -27"><span class='ocrx_word' id='word_1_174' title='bbox 470 3199 725 3265; x_wconf 82' lang='lat' dir='ltr'><strong>autem</strong></span> <span class='ocrx_word' id='word_1_175' title='bbox 769 3190 948 3265; x_wconf 87' lang='lat' dir='ltr'><strong>huic</strong></span> <span class='ocrx_word' id='word_1_176' title='bbox 982 3191 1301 3264; x_wconf 87' lang='lat' dir='ltr'><strong>orationi</strong></span> <span class='ocrx_word' id='word_1_177' title='bbox 1337 3193 1626 3267; x_wconf 86' lang='lat' dir='ltr'><strong>diutius</strong></span> <span class='ocrx_word' id='word_1_178' title='bbox 1688 3195 1941 3291; x_wconf 89' lang='lat' dir='ltr'><strong>paullo</strong></span> <span class='ocrx_word' id='word_1_179' title='bbox 1986 3190 2391 3268; x_wconf 87' lang='lat' dir='ltr'><strong>immorari.</strong></span> <span class='ocrx_word' id='word_1_180' title='bbox 2500 3192 2655 3265; x_wconf 90' lang='lat' dir='ltr'><strong>Ne·</strong></span> 
     </span>
     <span class='ocr_line' id='line_1_27' title="bbox 469 3288 2667 3389; baseline 0.001 -27"><span class='ocrx_word' id='word_1_181' title='bbox 469 3312 618 3386; x_wconf 90' lang='lat' dir='ltr'><strong>que</strong></span> <span class='ocrx_word' id='word_1_182' title='bbox 671 3288 874 3363; x_wconf 89' lang='lat' dir='ltr'><strong>enim</strong></span> <span class='ocrx_word' id='word_1_183' title='bbox 926 3289 1129 3376; x_wconf 87' lang='lat' dir='ltr'><strong>alibi,</strong></span> <span class='ocrx_word' id='word_1_184' title='bbox 1183 3290 1475 3387; x_wconf 87' lang='lat' dir='ltr'><strong>opinor,</strong></span> <span class='ocrx_word' id='word_1_185' title='bbox 1546 3292 1625 3365; x_wconf 92' lang='lat' dir='ltr'><strong>in</strong></span> <span class='ocrx_word' id='word_1_186' title='bbox 1678 3292 1942 3367; x_wconf 71' lang='lat' dir='ltr'><strong>Graeca</strong></span> <span class='ocrx_word' id='word_1_187' title='bbox 1996 3293 2260 3389; x_wconf 79' lang='lat' dir='ltr'><strong>lingua</strong></span> <span class='ocrx_word' id='word_1_188' title='bbox 2310 3290 2667 3387; x_wconf 81' lang='lat' dir='ltr'><strong>syntaxin</strong></span> 
     </span>
     <span class='ocr_line' id='line_1_28' title="bbox 468 3389 2663 3488; baseline 0 -27"><span class='ocrx_word' id='word_1_189' title='bbox 468 3412 685 3486; x_wconf 81' lang='lat' dir='ltr'><strong>oeque</strong></span> <span class='ocrx_word' id='word_1_190' title='bbox 751 3396 1179 3464; x_wconf 79' lang='lat' dir='ltr'><strong>accuratam</strong></span> <span class='ocrx_word' id='word_1_191' title='bbox 1243 3389 1574 3485; x_wconf 89' lang='lat' dir='ltr'><strong>reperire</strong></span> <span class='ocrx_word' id='word_1_192' title='bbox 1633 3401 1768 3464; x_wconf 83' lang='lat' dir='ltr'><strong>est.</strong></span> <span class='ocrx_word' id='word_1_193' title='bbox 1898 3393 2067 3488; x_wconf 87' lang='lat' dir='ltr'><strong>Age</strong></span> <span class='ocrx_word' id='word_1_194' title='bbox 2129 3391 2381 3465; x_wconf 82' lang='lat' dir='ltr'><strong>enim:</strong></span> <span class='ocrx_word' id='word_1_195' title='bbox 2450 3396 2663 3463; x_wconf 78' lang='lat' dir='ltr'><strong>muta</strong></span> 
     </span>
     <span class='ocr_line' id='line_1_29' title="bbox 469 3486 2664 3576; baseline -0.002 -14"><span class='ocrx_word' id='word_1_196' title='bbox 469 3487 762 3562; x_wconf 83' lang='lat' dir='ltr'><strong>caeteris</strong></span> <span class='ocrx_word' id='word_1_197' title='bbox 806 3487 1283 3563; x_wconf 85' lang='lat' dir='ltr'><strong>manentibus</strong></span> <span class='ocrx_word' id='word_1_198' title='bbox 1341 3486 1459 3560; x_wconf 86' lang='lat' dir='ltr'><strong>vel</strong></span> <span class='ocrx_word' id='word_1_199' title='bbox 1523 3488 1753 3564; x_wconf 76' lang='grc' dir='ltr'><strong><em>ἆξαντε</em></strong></span> <span class='ocrx_word' id='word_1_200' title='bbox 1809 3489 1891 3562; x_wconf 91' lang='lat' dir='ltr'><strong>in</strong></span> <span class='ocrx_word' id='word_1_201' title='bbox 1948 3491 2238 3576; x_wconf 72' lang='grc' dir='ltr'><strong>ἄξοντες,</strong></span> <span class='ocrx_word' id='word_1_202' title='bbox 2288 3488 2410 3562; x_wconf 82' lang='lat' dir='ltr'><strong>vel</strong></span> <span class='ocrx_word' id='word_1_203' title='bbox 2466 3491 2664 3559; x_wconf 72' lang='grc' dir='ltr'>λιπον</span> 
     </span>
     <span class='ocr_line' id='line_1_30' title="bbox 467 3584 2663 3686; baseline 0 -30"><span class='ocrx_word' id='word_1_204' title='bbox 467 3584 549 3658; x_wconf 89' lang='lat' dir='ltr'><strong>in</strong></span> <span class='ocrx_word' id='word_1_205' title='bbox 609 3592 896 3676; x_wconf 74' lang='grc' dir='ltr'><strong>λιπετην,</strong></span> <span class='ocrx_word' id='word_1_206' title='bbox 972 3586 1092 3661; x_wconf 87' lang='lat' dir='ltr'><strong>vel</strong></span> <span class='ocrx_word' id='word_1_207' title='bbox 1146 3586 1316 3686; x_wconf 72' lang='grc' dir='ltr'><strong>ἅρμα</strong></span> <span class='ocrx_word' id='word_1_208' title='bbox 1376 3584 1456 3658; x_wconf 91' lang='lat' dir='ltr'><strong>in</strong></span> <span class='ocrx_word' id='word_1_209' title='bbox 1534 3587 1856 3661; x_wconf 89' lang='lat' dir='ltr'><strong>alterum</strong></span> <span class='ocrx_word' id='word_1_210' title='bbox 1973 3589 2431 3682; x_wconf 88' lang='lat' dir='ltr'><strong>uodcunque</strong></span> <span class='ocrx_word' id='word_1_211' title='bbox 2496 3584 2663 3682; x_wconf 85' lang='lat' dir='ltr'><strong>plu·</strong></span> 
     </span>
     <span class='ocr_line' id='line_1_31' title="bbox 467 3681 2657 3769; baseline 0 -15"><span class='ocrx_word' id='word_1_212' title='bbox 467 3681 639 3755; x_wconf 86' lang='lat' dir='ltr'><strong>ralis</strong></span> <span class='ocrx_word' id='word_1_213' title='bbox 696 3686 1076 3769; x_wconf 85' lang='lat' dir='ltr'><strong>notionis;</strong></span> <span class='ocrx_word' id='word_1_214' title='bbox 1154 3695 1233 3759; x_wconf 86' lang='lat' dir='ltr'><strong>et</strong></span> <span class='ocrx_word' id='word_1_215' title='bbox 1302 3686 1397 3758; x_wconf 90' lang='lat' dir='ltr'><strong>de</strong></span> <span class='ocrx_word' id='word_1_216' title='bbox 1474 3686 1850 3761; x_wconf 80' lang='lat' dir='ltr'><strong>sententia</strong></span> <span class='ocrx_word' id='word_1_217' title='bbox 1903 3686 1955 3761; x_wconf 91' lang='lat' dir='ltr'><strong>il</strong></span> <span class='ocrx_word' id='word_1_218' title='bbox 1992 3687 2109 3761; x_wconf 84' lang='lat' dir='ltr'><strong>&#39;co</strong></span> <span class='ocrx_word' id='word_1_219' title='bbox 2180 3696 2439 3759; x_wconf 86' lang='lat' dir='ltr'><strong>actum</strong></span> <span class='ocrx_word' id='word_1_220' title='bbox 2495 3683 2657 3756; x_wconf 85' lang='lat' dir='ltr'><strong>erit.</strong></span> 
     </span>
     <span class='ocr_line' id='line_1_32' title="bbox 347 3777 2664 3879; baseline 0 -28"><span class='ocrx_word' id='word_1_221' title='bbox 347 3794 356 3821; x_wconf 80' lang='lat'><strong><em>¹</em></strong></span> <span class='ocrx_word' id='word_1_222' title='bbox 470 3777 720 3852; x_wconf 85' lang='lat' dir='ltr'><strong>Prima</strong></span> <span class='ocrx_word' id='word_1_223' title='bbox 784 3784 1050 3879; x_wconf 89' lang='lat' dir='ltr'><strong>utique</strong></span> <span class='ocrx_word' id='word_1_224' title='bbox 1119 3783 1393 3858; x_wconf 85' lang='lat' dir='ltr'><strong>efficiet</strong></span> <span class='ocrx_word' id='word_1_225' title='bbox 1456 3784 1911 3871; x_wconf 75' lang='lat' dir='ltr'><strong>immutatiO,</strong></span> <span class='ocrx_word' id='word_1_226' title='bbox 1988 3793 2075 3858; x_wconf 87' lang='lat' dir='ltr'><strong>ut</strong></span> <span class='ocrx_word' id='word_1_227' title='bbox 2143 3791 2404 3855; x_wconf 86' lang='lat' dir='ltr'><strong>contra</strong></span> <span class='ocrx_word' id='word_1_228' title='bbox 2461 3803 2664 3852; x_wconf 86' lang='lat' dir='ltr'><strong>com·</strong></span> 
     </span>
     <span class='ocr_line' id='line_1_33' title="bbox 466 3875 2656 3969; baseline 0.005 -20"><span class='ocrx_word' id='word_1_229' title='bbox 466 3898 770 3949; x_wconf 84' lang='lat' dir='ltr'><strong>munem</strong></span> <span class='ocrx_word' id='word_1_230' title='bbox 804 3903 1107 3953; x_wconf 84' lang='lat' dir='ltr'><strong>sensum</strong></span> <span class='ocrx_word' id='word_1_231' title='bbox 1140 3880 1571 3969; x_wconf 87' lang='lat' dir='ltr'><strong>habeamus,</strong></span> <span class='ocrx_word' id='word_1_232' title='bbox 1622 3888 1887 3956; x_wconf 82' lang='grc' dir='ltr'>Πολλοι</span> <span class='ocrx_word' id='word_1_233' title='bbox 1942 3884 2125 3955; x_wconf 72' lang='grc' dir='ltr'><strong><em>ἱππ-οι</em></strong></span> <span class='ocrx_word' id='word_1_234' title='bbox 2160 3880 2428 3959; x_wconf 65' lang='grc' dir='ltr'><strong>ἄξοντες</strong></span> <span class='ocrx_word' id='word_1_235' title='bbox 2460 3875 2656 3969; x_wconf 72' lang='grc' dir='ltr'><strong><em>ὅρμα,</em></strong></span> 
     </span>
     <span class='ocr_line' id='line_1_34' title="bbox 465 3972 2663 4076; baseline 0 -28"><span class='ocrx_word' id='word_1_236' title='bbox 465 3972 671 4048; x_wconf 75' lang='lat' dir='ltr'><strong>multi</strong></span> <span class='ocrx_word' id='word_1_237' title='bbox 731 3976 900 4071; x_wconf 76' lang='lat' dir='ltr'><strong>equi</strong></span> <span class='ocrx_word' id='word_1_238' title='bbox 978 4001 1135 4048; x_wconf 82' lang='lat' dir='ltr'><strong>cum</strong></span> <span class='ocrx_word' id='word_1_239' title='bbox 1192 3979 1625 4076; x_wconf 69' lang='lat' dir='ltr'><strong>fregissent</strong></span> <span class='ocrx_word' id='word_1_240' title='bbox 1690 3983 1967 4054; x_wconf 79' lang='lat' dir='ltr'><strong>unicum</strong></span> <span class='ocrx_word' id='word_1_241' title='bbox 2050 3998 2338 4049; x_wconf 80' lang='lat' dir='ltr'><strong>currum</strong></span> <span class='ocrx_word' id='word_1_242' title='bbox 2361 3998 2391 4054; x_wconf 83' lang='lat'><strong>‚·</strong></span> <span class='ocrx_word' id='word_1_243' title='bbox 2489 3994 2663 4048; x_wconf 90' lang='lat' dir='ltr'><strong>cum</strong></span> 
     </span>
     <span class='ocr_line' id='line_1_35' title="bbox 467 4070 2655 4173; baseline -0.001 -25"><span class='ocrx_word' id='word_1_244' title='bbox 467 4084 721 4149; x_wconf 84' lang='lat' dir='ltr'><strong>tamen</strong></span> <span class='ocrx_word' id='word_1_245' title='bbox 752 4072 830 4146; x_wconf 91' lang='lat' dir='ltr'><strong>in</strong></span> <span class='ocrx_word' id='word_1_246' title='bbox 864 4071 1181 4169; x_wconf 85' lang='lat' dir='ltr'><strong>singulis</strong></span> <span class='ocrx_word' id='word_1_247' title='bbox 1216 4076 1563 4151; x_wconf 84' lang='lat' dir='ltr'><strong>curribus</strong></span> <span class='ocrx_word' id='word_1_248' title='bbox 1603 4078 1777 4173; x_wconf 90' lang='lat' dir='ltr'><strong>equi</strong></span> <span class='ocrx_word' id='word_1_249' title='bbox 1812 4101 1965 4151; x_wconf 94' lang='lat' dir='ltr'><strong>non</strong></span> <span class='ocrx_word' id='word_1_250' title='bbox 1999 4072 2145 4148; x_wconf 90' lang='lat' dir='ltr'><strong>nisi</strong></span> <span class='ocrx_word' id='word_1_251' title='bbox 2177 4070 2338 4144; x_wconf 87' lang='lat' dir='ltr'><strong>bini</strong></span> <span class='ocrx_word' id='word_1_252' title='bbox 2382 4080 2655 4146; x_wconf 88' lang='lat' dir='ltr'><strong>essent.</strong></span> 
     </span>
    </p>
   </div>
   <div class='ocr_carea' id='block_1_7' title="bbox 252 791 453 809">
    <p class='ocr_par' dir='ltr' id='par_1_7' title="bbox 252 791 453 809">
     <span class='ocr_line' id='line_1_36' title="bbox 252 791 453 809; baseline 0 4089"><span class='ocrx_word' id='word_1_253' title='bbox 252 791 453 809; x_wconf 95' lang='lat' dir='ltr'><strong> </strong></span> 
     </span>
    </p>
   </div>
   <div class='ocr_carea' id='block_1_8' title="bbox 467 4302 2657 4463">
    <p class='ocr_par' dir='ltr' id='par_1_8' title="bbox 467 4302 2657 4463">
     <span class='ocr_line' id='line_1_37' title="bbox 548 4302 2657 4384; baseline -0.004 -14"><span class='ocrx_word' id='word_1_254' title='bbox 548 4313 647 4370; x_wconf 85' lang='lat'><strong>91.</strong></span> <span class='ocrx_word' id='word_1_255' title='bbox 705 4310 1025 4384; x_wconf 71' lang='grc' dir='ltr'><strong><em>Εὐρυσθῆος</em></strong></span> <span class='ocrx_word' id='word_1_256' title='bbox 1090 4307 1314 4366; x_wconf 74' lang='grc' dir='ltr'>ἀέθλων</span> <span class='ocrx_word' id='word_1_257' title='bbox 1375 4308 1507 4366; x_wconf 90' lang='lat' dir='ltr'><strong>MS.</strong></span> <span class='ocrx_word' id='word_1_258' title='bbox 1610 4312 1832 4369; x_wconf 70' lang='grc' dir='ltr'>ἀέθλων</span> <span class='ocrx_word' id='word_1_259' title='bbox 1895 4310 2075 4371; x_wconf 84' lang='lat' dir='ltr'><strong>MSS.</strong></span> <span class='ocrx_word' id='word_1_260' title='bbox 2139 4309 2215 4369; x_wconf 84' lang='lat' dir='ltr'><strong>R.</strong></span> <span class='ocrx_word' id='word_1_261' title='bbox 2254 4304 2335 4367; x_wconf 83' lang='lat' dir='ltr'><strong>P.</strong></span> <span class='ocrx_word' id='word_1_262' title='bbox 2377 4302 2455 4365; x_wconf 69' lang='lat' dir='ltr'><strong>nd</strong></span> <span class='ocrx_word' id='word_1_263' title='bbox 2508 4302 2657 4363; x_wconf 73' lang='lat' dir='ltr'><strong>Hec-</strong></span> 
     </span>
     <span class='ocr_line' id='line_1_38' title="bbox 467 4383 1748 4463; baseline -0.001 -17"><span class='ocrx_word' id='word_1_264' title='bbox 467 4387 644 4446; x_wconf 77' lang='lat' dir='ltr'><strong>Harl.</strong></span> <span class='ocrx_word' id='word_1_265' title='bbox 686 4388 761 4448; x_wconf 87' lang='grc' dir='ltr'><strong>Τ.</strong></span> <span class='ocrx_word' id='word_1_266' title='bbox 814 4393 943 4449; x_wconf 72' lang='lat'><strong>133.</strong></span> <span class='ocrx_word' id='word_1_267' title='bbox 995 4383 1134 4462; x_wconf 72' lang='grc' dir='ltr'><strong>πρὸς</strong></span> <span class='ocrx_word' id='word_1_268' title='bbox 1189 4389 1511 4463; x_wconf 68' lang='grc' dir='ltr'><strong><em>Εὐρυσθῆος</em></strong></span> <span class='ocrx_word' id='word_1_269' title='bbox 1614 4393 1748 4450; x_wconf 79' lang='grc'><strong>762.</strong></span> 
     </span>
    </p>
   </div>
  </div>
 </body>
</html>
