<?xml version="1.0" encoding="UTF-8"?>
<!DOCTYPE html PUBLIC "-//W3C//DTD XHTML 1.0 Transitional//EN"
    "http://www.w3.org/TR/xhtml1/DTD/xhtml1-transitional.dtd">
<html xmlns="http://www.w3.org/1999/xhtml" xml:lang="en" lang="en">
 <head>
  <title>
</title>
<meta http-equiv="Content-Type" content="text/html;charset=utf-8" />
  <meta name='ocr-system' content='tesseract 3.04.00' />
  <meta name='ocr-capabilities' content='ocr_page ocr_carea ocr_par ocr_line ocrx_word'/>
</head>
<body>
  <div class='ocr_page' id='page_1' title='image "./ricardidawesiim02kiddgoog_0253.png"; bbox 0 0 3032 4898; ppageno 0'>
   <div class='ocr_carea' id='block_1_1' title="bbox 1516 410 1659 478">
    <p class='ocr_par' dir='ltr' id='par_1_1' title="bbox 1516 410 1659 478">
     <span class='ocr_line' id='line_1_1' title="bbox 1516 410 1659 478; baseline 0 0"><span class='ocrx_word' id='word_1_1' title='bbox 1516 410 1659 478; x_wconf 78' lang='lat'>164</span> 
     </span>
    </p>
   </div>
   <div class='ocr_carea' id='block_1_2' title="bbox 266 598 2694 995">
    <p class='ocr_par' dir='ltr' id='par_1_2' title="bbox 266 598 2694 995">
     <span class='ocr_line' id='line_1_2' title="bbox 266 598 2693 700; baseline -0.001 -21"><span class='ocrx_word' id='word_1_2' title='bbox 266 627 443 679; x_wconf 69' lang='lat' dir='ltr'>sacr.</span> <span class='ocrx_word' id='word_1_3' title='bbox 487 604 743 700; x_wconf 83' lang='lat' dir='ltr'><strong>Atque</strong></span> <span class='ocrx_word' id='word_1_4' title='bbox 761 602 908 676; x_wconf 89' lang='lat' dir='ltr'>hoc</span> <span class='ocrx_word' id='word_1_5' title='bbox 929 601 1237 698; x_wconf 91' lang='lat' dir='ltr'>quidem</span> <span class='ocrx_word' id='word_1_6' title='bbox 1257 606 1486 698; x_wconf 85' lang='lat' dir='ltr'>pacto</span> <span class='ocrx_word' id='word_1_7' title='bbox 1506 599 1904 674; x_wconf 85' lang='lat' dir='ltr'><strong>rotundior</strong></span> <span class='ocrx_word' id='word_1_8' title='bbox 1924 598 2157 676; x_wconf 85' lang='lat' dir='ltr'>etiam</span> <span class='ocrx_word' id='word_1_9' title='bbox 2175 599 2379 676; x_wconf 78' lang='lat' dir='ltr'>‘effici</span> <span class='ocrx_word' id='word_1_10' title='bbox 2389 601 2693 677; x_wconf 85' lang='lat' dir='ltr'>videtur</span> 
     </span>
     <span class='ocr_line' id='line_1_3' title="bbox 320 694 2693 813; baseline -0.002 -37"><span class='ocrx_word' id='word_1_11' title='bbox 320 694 414 741; x_wconf 87' lang='lat'><strong>¹¹¹·</strong></span> <span class='ocrx_word' id='word_1_12' title='bbox 490 701 891 787; x_wconf 84' lang='lat' dir='ltr'>sententia,</span> <span class='ocrx_word' id='word_1_13' title='bbox 911 700 1116 795; x_wconf 87' lang='lat' dir='ltr'>quod</span> <span class='ocrx_word' id='word_1_14' title='bbox 1136 721 1384 796; x_wconf 78' lang='grc' dir='ltr'><strong><em>ετρεφευ</em></strong></span> <span class='ocrx_word' id='word_1_15' title='bbox 1415 699 1571 792; x_wconf 84' lang='lat' dir='ltr'>(vel</span> <span class='ocrx_word' id='word_1_16' title='bbox 1592 698 1657 772; x_wconf 86' lang='lat' dir='ltr'>si</span> <span class='ocrx_word' id='word_1_17' title='bbox 1691 700 1910 813; x_wconf 77' lang='lat' dir='ltr'>malis</span> <span class='ocrx_word' id='word_1_18' title='bbox 1948 718 2182 798; x_wconf 75' lang='grc' dir='ltr'><strong><em>ετρεφε,</em></strong></span> <span class='ocrx_word' id='word_1_19' title='bbox 2209 698 2281 772; x_wconf 89' lang='lat' dir='ltr'>h.</span> <span class='ocrx_word' id='word_1_20' title='bbox 2305 723 2372 774; x_wconf 89' lang='lat' dir='ltr'>e.</span> <span class='ocrx_word' id='word_1_21' title='bbox 2411 702 2693 799; x_wconf 67' lang='grc' dir='ltr'>ετριφεο)</span> 
     </span>
     <span class='ocr_line' id='line_1_4' title="bbox 489 799 2694 995; baseline -0.001 -23"><span class='ocrx_word' id='word_1_22' title='bbox 489 799 829 972; x_wconf 51' lang='grc' dir='ltr'>ῗῇῗνῗ</span> <span class='ocrx_word' id='word_1_23' title='bbox 847 799 2694 995; x_wconf 43' lang='grc' dir='ltr'>ἷῗεῗιὲῗέἶέεῖὲἱῖξῖῖἶῖἒῇεῗῗὲἓέξὲἑῖ.”εξω</span> 
     </span>
    </p>
   </div>
   <div class='ocr_carea' id='block_1_3' title="bbox 494 1059 2699 1350">
    <p class='ocr_par' dir='ltr' id='par_1_3' title="bbox 494 1059 2699 1350">
     <span class='ocr_line' id='line_1_5' title="bbox 592 1059 2691 1155; baseline -0 -23"><span class='ocrx_word' id='word_1_24' title='bbox 592 1059 686 1132; x_wconf 88' lang='lat' dir='ltr'>V.</span> <span class='ocrx_word' id='word_1_25' title='bbox 740 1064 860 1131; x_wconf 84' lang='lat'>87.</span> <span class='ocrx_word' id='word_1_26' title='bbox 917 1065 1237 1155; x_wconf 80' lang='grc' dir='ltr'><strong><em>Εσπεριος</em></strong></span> <span class='ocrx_word' id='word_1_27' title='bbox 1304 1089 1509 1138; x_wconf 81' lang='grc' dir='ltr'><strong><em>κεινος</em></strong></span> <span class='ocrx_word' id='word_1_28' title='bbox 1579 1088 1652 1153; x_wconf 78' lang='grc' dir='ltr'><strong><em>γε</em></strong></span> <span class='ocrx_word' id='word_1_29' title='bbox 1722 1060 1912 1140; x_wconf 80' lang='grc' dir='ltr'><strong><em>τελει,</em></strong></span> <span class='ocrx_word' id='word_1_30' title='bbox 1969 1089 2050 1127; x_wconf 89' lang='grc' dir='ltr'>τα</span> <span class='ocrx_word' id='word_1_31' title='bbox 2105 1088 2212 1129; x_wconf 83' lang='grc' dir='ltr'>κεν</span> <span class='ocrx_word' id='word_1_32' title='bbox 2264 1091 2361 1142; x_wconf 88' lang='grc' dir='ltr'>ηοι</span> <span class='ocrx_word' id='word_1_33' title='bbox 2421 1061 2691 1153; x_wconf 52' lang='lat' dir='ltr'>macru]</span> 
     </span>
     <span class='ocr_line' id='line_1_6' title="bbox 498 1154 2698 1251; baseline -0.001 -20"><span class='ocrx_word' id='word_1_34' title='bbox 498 1159 747 1240; x_wconf 82' lang='lat' dir='ltr'>Quam</span> <span class='ocrx_word' id='word_1_35' title='bbox 814 1156 1090 1229; x_wconf 83' lang='lat' dir='ltr'>frustra</span> <span class='ocrx_word' id='word_1_36' title='bbox 1154 1156 1306 1229; x_wconf 85' lang='lat' dir='ltr'>sint</span> <span class='ocrx_word' id='word_1_37' title='bbox 1364 1155 1440 1242; x_wconf 89' lang='lat' dir='ltr'>ii,</span> <span class='ocrx_word' id='word_1_38' title='bbox 1496 1155 1631 1251; x_wconf 92' lang='lat' dir='ltr'>qui</span> <span class='ocrx_word' id='word_1_39' title='bbox 1698 1154 2263 1250; x_wconf 87' lang='lat' dir='ltr'>diphthongum</span> <span class='ocrx_word' id='word_1_40' title='bbox 2331 1166 2698 1251; x_wconf 84' lang='lat' dir='ltr'>sequente</span> 
     </span>
     <span class='ocr_line' id='line_1_7' title="bbox 494 1252 2699 1350; baseline -0.001 -22"><span class='ocrx_word' id='word_1_41' title='bbox 494 1278 828 1330; x_wconf 85' lang='lat' dir='ltr'>consona</span> <span class='ocrx_word' id='word_1_42' title='bbox 878 1252 1153 1350; x_wconf 84' lang='lat' dir='ltr'>corripi</span> <span class='ocrx_word' id='word_1_43' title='bbox 1174 1255 1227 1296; x_wconf 84' lang='lat'>⁷⁰</span> <span class='ocrx_word' id='word_1_44' title='bbox 1276 1276 1499 1350; x_wconf 85' lang='lat' dir='ltr'>posse</span> <span class='ocrx_word' id='word_1_45' title='bbox 1533 1252 1827 1338; x_wconf 87' lang='lat' dir='ltr'>volunt,</span> <span class='ocrx_word' id='word_1_46' title='bbox 1879 1253 2064 1326; x_wconf 83' lang='lat' dir='ltr'>satis</span> <span class='ocrx_word' id='word_1_47' title='bbox 2098 1254 2515 1328; x_wconf 88' lang='lat' dir='ltr'>docuerunt</span> <span class='ocrx_word' id='word_1_48' title='bbox 2551 1254 2699 1327; x_wconf 90' lang='lat' dir='ltr'>viri</span> 
     </span>
    </p>
   </div>
   <div class='ocr_carea' id='block_1_4' title="bbox 496 1441 1577 4438">
    <p class='ocr_par' dir='ltr' id='par_1_4' title="bbox 496 1441 1577 4438">
     <span class='ocr_line' id='line_1_8' title="bbox 496 1441 1548 1521; baseline -0.005 -17"><span class='ocrx_word' id='word_1_49' title='bbox 496 1445 800 1521; x_wconf 77' lang='lat' dir='ltr'>tragoediae</span> <span class='ocrx_word' id='word_1_50' title='bbox 825 1454 1064 1521; x_wconf 82' lang='lat' dir='ltr'>parente</span> <span class='ocrx_word' id='word_1_51' title='bbox 1104 1444 1214 1500; x_wconf 71' lang='lat' dir='ltr'>tub</span> <span class='ocrx_word' id='word_1_52' title='bbox 1252 1441 1548 1521; x_wconf 78' lang='lat' dir='ltr'>judicibus</span> 
     </span>
     <span class='ocr_line' id='line_1_9' title="bbox 496 1523 1546 1600; baseline -0.004 -17"><span class='ocrx_word' id='word_1_53' title='bbox 496 1523 680 1600; x_wconf 73' lang='lat' dir='ltr'>aequie</span> <span class='ocrx_word' id='word_1_54' title='bbox 701 1544 817 1581; x_wconf 92' lang='lat' dir='ltr'>non</span> <span class='ocrx_word' id='word_1_55' title='bbox 843 1523 1075 1580; x_wconf 87' lang='lat' dir='ltr'>omnino</span> <span class='ocrx_word' id='word_1_56' title='bbox 1101 1533 1395 1598; x_wconf 79' lang='lat' dir='ltr'>reportare</span> <span class='ocrx_word' id='word_1_57' title='bbox 1413 1541 1546 1599; x_wconf 80' lang='lat' dir='ltr'>pos-</span> 
     </span>
     <span class='ocr_line' id='line_1_10' title="bbox 497 1599 1546 1672; baseline -0.003 -12"><span class='ocrx_word' id='word_1_58' title='bbox 497 1621 581 1672; x_wconf 76' lang='lat' dir='ltr'>se,</span> <span class='ocrx_word' id='word_1_59' title='bbox 624 1603 764 1660; x_wconf 87' lang='lat' dir='ltr'>mihi</span> <span class='ocrx_word' id='word_1_60' title='bbox 806 1600 994 1660; x_wconf 76' lang='lat' dir='ltr'>aaltim</span> <span class='ocrx_word' id='word_1_61' title='bbox 1043 1601 1278 1658; x_wconf 88' lang='lat' dir='ltr'>innuere</span> <span class='ocrx_word' id='word_1_62' title='bbox 1319 1599 1546 1658; x_wconf 84' lang='lat' dir='ltr'>licebit:</span> 
     </span>
     <span class='ocr_line' id='line_1_11' title="bbox 498 1679 1552 1759; baseline -0.002 -21"><span class='ocrx_word' id='word_1_63' title='bbox 498 1680 773 1759; x_wconf 81' lang='lat' dir='ltr'>Septheb.</span> <span class='ocrx_word' id='word_1_64' title='bbox 834 1684 971 1738; x_wconf 87' lang='grc'><strong>661.</strong></span> <span class='ocrx_word' id='word_1_65' title='bbox 1051 1682 1211 1737; x_wconf 81' lang='grc' dir='ltr'>Ἀλλ’</span> <span class='ocrx_word' id='word_1_66' title='bbox 1278 1679 1402 1737; x_wconf 77' lang='grc' dir='ltr'><strong><em>οὔτε</em></strong></span> <span class='ocrx_word' id='word_1_67' title='bbox 1458 1703 1552 1736; x_wconf 89' lang='grc' dir='ltr'>νιν</span> 
     </span>
     <span class='ocr_line' id='line_1_12' title="bbox 497 1756 1554 1837; baseline -0.002 -19"><span class='ocrx_word' id='word_1_68' title='bbox 497 1762 759 1837; x_wconf 85' lang='grc' dir='ltr'><strong><em>φυγόντα</em></strong></span> <span class='ocrx_word' id='word_1_69' title='bbox 797 1761 1078 1836; x_wconf 76' lang='grc' dir='ltr'><strong><em>μητρόθεν</em></strong></span> <span class='ocrx_word' id='word_1_70' title='bbox 1138 1760 1357 1825; x_wconf 77' lang='grc' dir='ltr'><strong><em>σκότον,</em></strong></span> <span class='ocrx_word' id='word_1_71' title='bbox 1419 1756 1554 1816; x_wconf 75' lang='grc' dir='ltr'><strong><em>Οὔτ’</em></strong></span> 
     </span>
     <span class='ocr_line' id='line_1_13' title="bbox 500 1834 1552 1916; baseline -0.003 -21"><span class='ocrx_word' id='word_1_72' title='bbox 500 1838 566 1895; x_wconf 78' lang='grc' dir='ltr'><strong><em>ἐν</em></strong></span> <span class='ocrx_word' id='word_1_73' title='bbox 625 1845 942 1916; x_wconf 76' lang='grc' dir='ltr'><strong><em>τροφαῖσιν,</em></strong></span> <span class='ocrx_word' id='word_1_74' title='bbox 1000 1835 1112 1894; x_wconf 76' lang='grc' dir='ltr'><strong><em>οὔτ’</em></strong></span> <span class='ocrx_word' id='word_1_75' title='bbox 1179 1834 1552 1913; x_wconf 74' lang='grc' dir='ltr'><strong><em>ἐφηβήσαντά</em></strong></span> 
     </span>
     <span class='ocr_line' id='line_1_14' title="bbox 503 1915 1554 1992; baseline -0.003 -19"><span class='ocrx_word' id='word_1_76' title='bbox 503 1939 610 1986; x_wconf 75' lang='grc' dir='ltr'>πω,</span> <span class='ocrx_word' id='word_1_77' title='bbox 635 1915 769 1975; x_wconf 51' lang='lat' dir='ltr'>onir·</span> <span class='ocrx_word' id='word_1_78' title='bbox 794 1918 818 1973; x_wconf 81' lang='grc' dir='ltr'><strong><em>ε’</em></strong></span> <span class='ocrx_word' id='word_1_79' title='bbox 828 1940 858 1972; x_wconf 86' lang='grc' dir='ltr'><strong><em>ν</em></strong></span> <span class='ocrx_word' id='word_1_80' title='bbox 886 1919 1110 1987; x_wconf 77' lang='grc' dir='ltr'><strong><em>γενείου</em></strong></span> <span class='ocrx_word' id='word_1_81' title='bbox 1137 1915 1387 1992; x_wconf 76' lang='grc' dir='ltr'>ξυλλογῇ</span> <span class='ocrx_word' id='word_1_82' title='bbox 1434 1938 1554 1991; x_wconf 83' lang='grc' dir='ltr'><strong><em>τρι-</em></strong></span> 
     </span>
     <span class='ocr_line' id='line_1_15' title="bbox 503 1993 1556 2071; baseline -0.001 -20"><span class='ocrx_word' id='word_1_83' title='bbox 503 1993 1148 2071; x_wconf 64' lang='grc' dir='ltr'><strong><em>χώματος-Τὴεοςοιι</em></strong></span> <span class='ocrx_word' id='word_1_84' title='bbox 1201 1997 1338 2052; x_wconf 76' lang='grc'><strong>492.</strong></span> <span class='ocrx_word' id='word_1_85' title='bbox 1398 1999 1556 2070; x_wconf 81' lang='grc' dir='ltr'><strong><em>Καρ-</em></strong></span> 
     </span>
     <span class='ocr_line' id='line_1_16' title="bbox 505 2069 1557 2150; baseline -0.004 -19"><span class='ocrx_word' id='word_1_86' title='bbox 505 2078 771 2150; x_wconf 73' lang='grc' dir='ltr'><strong><em>παλίμως</em></strong></span> <span class='ocrx_word' id='word_1_87' title='bbox 816 2069 862 2126; x_wconf 82' lang='grc' dir='ltr'>δ’</span> <span class='ocrx_word' id='word_1_88' title='bbox 905 2072 998 2149; x_wconf 77' lang='grc' dir='ltr'>ἄρ’</span> <span class='ocrx_word' id='word_1_89' title='bbox 1032 2070 1227 2130; x_wconf 76' lang='grc' dir='ltr'><strong><em>ἔπειτα</em></strong></span> <span class='ocrx_word' id='word_1_90' title='bbox 1254 2073 1423 2149; x_wconf 77' lang='grc' dir='ltr'><strong><em>μένος</em></strong></span> <span class='ocrx_word' id='word_1_91' title='bbox 1465 2075 1557 2128; x_wconf 77' lang='grc' dir='ltr'>καὶ</span> 
     </span>
     <span class='ocr_line' id='line_1_17' title="bbox 500 2148 1557 2230; baseline 0 -21"><span class='ocrx_word' id='word_1_92' title='bbox 500 2151 748 2230; x_wconf 79' lang='grc' dir='ltr'><strong><em>φαίδιμα</em></strong></span> <span class='ocrx_word' id='word_1_93' title='bbox 776 2158 915 2224; x_wconf 85' lang='grc' dir='ltr'><strong><em>γυῖα</em></strong></span> <span class='ocrx_word' id='word_1_94' title='bbox 942 2148 1165 2215; x_wconf 75' lang='grc' dir='ltr'><strong><em>Ηῦξατο</em></strong></span> <span class='ocrx_word' id='word_1_95' title='bbox 1207 2159 1325 2209; x_wconf 83' lang='grc' dir='ltr'><strong><em>τοῖο</em></strong></span> <span class='ocrx_word' id='word_1_96' title='bbox 1369 2150 1557 2209; x_wconf 75' lang='grc' dir='ltr'><strong><em>Ράνα-</em></strong></span> 
     </span>
     <span class='ocr_line' id='line_1_18' title="bbox 508 2228 1555 2307; baseline -0.002 -19"><span class='ocrx_word' id='word_1_97' title='bbox 508 2252 652 2296; x_wconf 76' lang='grc' dir='ltr'><strong><em>κτος.</em></strong></span> <span class='ocrx_word' id='word_1_98' title='bbox 680 2230 878 2288; x_wconf 86' lang='lat' dir='ltr'>Moero</span> <span class='ocrx_word' id='word_1_99' title='bbox 892 2228 1048 2307; x_wconf 84' lang='lat' dir='ltr'>apud</span> <span class='ocrx_word' id='word_1_100' title='bbox 1070 2228 1283 2288; x_wconf 82' lang='lat' dir='ltr'><strong>Athen.</strong></span> <span class='ocrx_word' id='word_1_101' title='bbox 1301 2249 1384 2299; x_wconf 81' lang='lat' dir='ltr'>xi,</span> <span class='ocrx_word' id='word_1_102' title='bbox 1414 2236 1555 2288; x_wconf 87' lang='lat'>491.</span> 
     </span>
     <span class='ocr_line' id='line_1_19' title="bbox 510 2308 1561 2385; baseline 0.004 -19"><span class='ocrx_word' id='word_1_103' title='bbox 510 2314 576 2366; x_wconf 93' lang='lat' dir='ltr'>B.</span> <span class='ocrx_word' id='word_1_104' title='bbox 603 2310 634 2366; x_wconf 85' lang='grc' dir='ltr'><strong><em>ό</em></strong></span> <span class='ocrx_word' id='word_1_105' title='bbox 666 2308 711 2367; x_wconf 78' lang='grc' dir='ltr'>δ’</span> <span class='ocrx_word' id='word_1_106' title='bbox 734 2310 935 2375; x_wconf 76' lang='grc' dir='ltr'><strong><em>α’έξατο</em></strong></span> <span class='ocrx_word' id='word_1_107' title='bbox 956 2313 1099 2367; x_wconf 82' lang='grc' dir='ltr'><strong><em>πᾶσι</em></strong></span> <span class='ocrx_word' id='word_1_108' title='bbox 1126 2310 1380 2385; x_wconf 79' lang='grc' dir='ltr'><strong><em>μέλεσσι.</em></strong></span> <span class='ocrx_word' id='word_1_109' title='bbox 1465 2310 1561 2370; x_wconf 83' lang='lat' dir='ltr'>De</span> 
     </span>
     <span class='ocr_line' id='line_1_20' title="bbox 511 2387 1563 2466; baseline 0.001 -20"><span class='ocrx_word' id='word_1_110' title='bbox 511 2387 713 2446; x_wconf 79' lang='lat' dir='ltr'>formis</span> <span class='ocrx_word' id='word_1_111' title='bbox 741 2389 952 2465; x_wconf 75' lang='grc' dir='ltr'><strong><em>τρόπω,</em></strong></span> <span class='ocrx_word' id='word_1_112' title='bbox 993 2389 1095 2465; x_wconf 78' lang='grc' dir='ltr'><strong><em>τρᾶ</em></strong></span> <span class='ocrx_word' id='word_1_113' title='bbox 1139 2413 1204 2459; x_wconf 86' lang='grc' dir='ltr'>ω,</span> <span class='ocrx_word' id='word_1_114' title='bbox 1254 2389 1449 2466; x_wconf 76' lang='grc' dir='ltr'><strong><em>τράχω</em></strong></span> <span class='ocrx_word' id='word_1_115' title='bbox 1476 2388 1563 2447; x_wconf 80' lang='lat' dir='ltr'>in·-</span> 
     </span>
     <span class='ocr_line' id='line_1_21' title="bbox 511 2468 1566 2528; baseline 0.001 -1"><span class='ocrx_word' id='word_1_116' title='bbox 511 2469 709 2527; x_wconf 84' lang='lat' dir='ltr'>audita</span> <span class='ocrx_word' id='word_1_117' title='bbox 730 2483 923 2528; x_wconf 84' lang='lat' dir='ltr'>narrat</span> <span class='ocrx_word' id='word_1_118' title='bbox 950 2468 1097 2526; x_wconf 83' lang='lat' dir='ltr'>Boec</span> <span class='ocrx_word' id='word_1_119' title='bbox 1136 2468 1257 2527; x_wconf 68' lang='lat' dir='ltr'>laius</span> <span class='ocrx_word' id='word_1_120' title='bbox 1296 2468 1371 2527; x_wconf 84' lang='lat' dir='ltr'>ad</span> <span class='ocrx_word' id='word_1_121' title='bbox 1400 2468 1566 2528; x_wconf 91' lang='lat' dir='ltr'>Pind.</span> 
     </span>
     <span class='ocr_line' id='line_1_22' title="bbox 511 2547 1564 2625; baseline 0.001 -20"><span class='ocrx_word' id='word_1_122' title='bbox 511 2547 688 2625; x_wconf 80' lang='lat' dir='ltr'>Pyth.</span> <span class='ocrx_word' id='word_1_123' title='bbox 713 2568 793 2619; x_wconf 74' lang='lat' dir='ltr'>iv,</span> <span class='ocrx_word' id='word_1_124' title='bbox 825 2552 958 2607; x_wconf 87' lang='lat'>115.</span> <span class='ocrx_word' id='word_1_125' title='bbox 983 2561 1059 2617; x_wconf 87' lang='lat' dir='ltr'>et,</span> <span class='ocrx_word' id='word_1_126' title='bbox 1086 2547 1349 2606; x_wconf 83' lang='lat' dir='ltr'>mirabile</span> <span class='ocrx_word' id='word_1_127' title='bbox 1385 2547 1564 2619; x_wconf 88' lang='lat' dir='ltr'>dictu,</span> 
     </span>
     <span class='ocr_line' id='line_1_23' title="bbox 511 2628 1566 2706; baseline 0.003 -21"><span class='ocrx_word' id='word_1_128' title='bbox 511 2629 873 2705; x_wconf 77' lang='lat' dir='ltr'>peregrinam</span> <span class='ocrx_word' id='word_1_129' title='bbox 900 2631 1123 2706; x_wconf 76' lang='grc' dir='ltr'><strong><em>τρέφων</em></strong></span> <span class='ocrx_word' id='word_1_130' title='bbox 1145 2641 1415 2705; x_wconf 83' lang='lat' dir='ltr'>tanquam</span> <span class='ocrx_word' id='word_1_131' title='bbox 1444 2628 1566 2688; x_wconf 91' lang='lat' dir='ltr'>Eu-</span> 
     </span>
     <span class='ocr_line' id='line_1_24' title="bbox 511 2706 1566 2786; baseline 0.003 -23"><span class='ocrx_word' id='word_1_132' title='bbox 511 2706 790 2782; x_wconf 70' lang='lat' dir='ltr'>ripideum</span> <span class='ocrx_word' id='word_1_133' title='bbox 807 2706 1007 2766; x_wconf 78' lang='lat' dir='ltr'>laudat</span> <span class='ocrx_word' id='word_1_134' title='bbox 1022 2707 1177 2783; x_wconf 82' lang='lat' dir='ltr'>apud</span> <span class='ocrx_word' id='word_1_135' title='bbox 1190 2707 1385 2784; x_wconf 81' lang='lat' dir='ltr'>Etym.</span> <span class='ocrx_word' id='word_1_136' title='bbox 1399 2706 1566 2786; x_wconf 85' lang='lat' dir='ltr'>Mag.</span> 
     </span>
     <span class='ocr_line' id='line_1_25' title="bbox 513 2785 1571 2864; baseline 0.005 -24"><span class='ocrx_word' id='word_1_137' title='bbox 513 2801 572 2840; x_wconf 75' lang='lat' dir='ltr'>V.</span> <span class='ocrx_word' id='word_1_138' title='bbox 594 2788 816 2861; x_wconf 82' lang='grc' dir='ltr'><strong><em>τρέφειν</em></strong></span> <span class='ocrx_word' id='word_1_139' title='bbox 841 2785 1079 2864; x_wconf 79' lang='grc' dir='ltr'><strong><em>Ἀφρων</em></strong></span> <span class='ocrx_word' id='word_1_140' title='bbox 1099 2787 1176 2844; x_wconf 78' lang='grc' dir='ltr'><strong><em>ἂν</em></strong></span> <span class='ocrx_word' id='word_1_141' title='bbox 1204 2787 1348 2854; x_wconf 73' lang='grc' dir='ltr'><strong><em>εἵην,</em></strong></span> <span class='ocrx_word' id='word_1_142' title='bbox 1371 2789 1417 2843; x_wconf 77' lang='grc' dir='ltr'><strong><em>εί</em></strong></span> <span class='ocrx_word' id='word_1_143' title='bbox 1446 2790 1571 2863; x_wconf 82' lang='grc' dir='ltr'><strong><em>τρέ-</em></strong></span> 
     </span>
     <span class='ocr_line' id='line_1_26' title="bbox 518 2863 1569 2938; baseline 0.008 -23"><span class='ocrx_word' id='word_1_144' title='bbox 518 2872 648 2938; x_wconf 88' lang='grc' dir='ltr'><strong><em>φοιν</em></strong></span> <span class='ocrx_word' id='word_1_145' title='bbox 674 2866 745 2920; x_wconf 80' lang='grc' dir='ltr'><strong><em>τὰ</em></strong></span> <span class='ocrx_word' id='word_1_146' title='bbox 771 2870 885 2919; x_wconf 81' lang='grc' dir='ltr'>τῶν</span> <span class='ocrx_word' id='word_1_147' title='bbox 912 2867 1111 2929; x_wconf 76' lang='grc' dir='ltr'><strong>πέλας.</strong></span> <span class='ocrx_word' id='word_1_148' title='bbox 1166 2863 1329 2923; x_wconf 80' lang='lat' dir='ltr'>Male</span> <span class='ocrx_word' id='word_1_149' title='bbox 1363 2865 1415 2921; x_wconf 84' lang='lat' dir='ltr'><em>V</em></span> <span class='ocrx_word' id='word_1_150' title='bbox 1409 2865 1569 2923; x_wconf 76' lang='lat' dir='ltr'>alele-</span> 
     </span>
     <span class='ocr_line' id='line_1_27' title="bbox 515 2938 1571 3020; baseline 0.005 -23"><span class='ocrx_word' id='word_1_151' title='bbox 515 2957 691 2998; x_wconf 76' lang='lat' dir='ltr'>enaer.</span> <span class='ocrx_word' id='word_1_152' title='bbox 702 2938 888 2998; x_wconf 76' lang='lat' dir='ltr'>Diatr.</span> <span class='ocrx_word' id='word_1_153' title='bbox 913 2960 970 3017; x_wconf 84' lang='lat' dir='ltr'>p.</span> <span class='ocrx_word' id='word_1_154' title='bbox 994 2947 1129 3000; x_wconf 85' lang='lat'>153.</span> <span class='ocrx_word' id='word_1_155' title='bbox 1151 2942 1232 3002; x_wconf 86' lang='lat' dir='ltr'>A.</span> <span class='ocrx_word' id='word_1_156' title='bbox 1277 2943 1571 3020; x_wconf 79' lang='grc' dir='ltr'><strong><em>ε’κτρέφων.</em></strong></span> 
     </span>
     <span class='ocr_line' id='line_1_28' title="bbox 515 3017 1569 3096; baseline 0.007 -21"><span class='ocrx_word' id='word_1_157' title='bbox 515 3021 733 3096; x_wconf 81' lang='grc' dir='ltr'><strong><em>’τρεφον</em></strong></span> <span class='ocrx_word' id='word_1_158' title='bbox 769 3017 851 3076; x_wconf 77' lang='lat' dir='ltr'>R·</span> <span class='ocrx_word' id='word_1_159' title='bbox 875 3018 948 3077; x_wconf 87' lang='lat' dir='ltr'>P.</span> <span class='ocrx_word' id='word_1_160' title='bbox 982 3019 1194 3078; x_wconf 75' lang='lat' dir='ltr'>Advss.</span> <span class='ocrx_word' id='word_1_161' title='bbox 1226 3025 1363 3081; x_wconf 77' lang='lat'>277.</span> <span class='ocrx_word' id='word_1_162' title='bbox 1450 3021 1569 3082; x_wconf 83' lang='lat' dir='ltr'>Sed</span> 
     </span>
     <span class='ocr_line' id='line_1_29' title="bbox 514 3095 1569 3159; baseline 0.005 -5"><span class='ocrx_word' id='word_1_163' title='bbox 514 3095 665 3155; x_wconf 83' lang='lat' dir='ltr'>lecta</span> <span class='ocrx_word' id='word_1_164' title='bbox 723 3097 958 3155; x_wconf 74' lang='lat' dir='ltr'>Porsom’</span> <span class='ocrx_word' id='word_1_165' title='bbox 1020 3098 1389 3157; x_wconf 80' lang='lat' dir='ltr'>adnotatione</span> <span class='ocrx_word' id='word_1_166' title='bbox 1433 3120 1569 3159; x_wconf 87' lang='lat' dir='ltr'>cum</span> 
     </span>
     <span class='ocr_line' id='line_1_30' title="bbox 517 3174 1568 3254; baseline 0.007 -21"><span class='ocrx_word' id='word_1_167' title='bbox 517 3174 720 3243; x_wconf 80' lang='lat' dir='ltr'>forma,</span> <span class='ocrx_word' id='word_1_168' title='bbox 749 3196 921 3254; x_wconf 90' lang='lat' dir='ltr'>quam</span> <span class='ocrx_word' id='word_1_169' title='bbox 964 3189 1059 3236; x_wconf 86' lang='lat' dir='ltr'>tan</span> <span class='ocrx_word' id='word_1_170' title='bbox 1103 3196 1235 3236; x_wconf 87' lang='lat' dir='ltr'>uam</span> <span class='ocrx_word' id='word_1_171' title='bbox 1262 3179 1568 3240; x_wconf 82' lang='lat' dir='ltr'>barbaram</span> 
     </span>
     <span class='ocr_line' id='line_1_31' title="bbox 517 3254 1569 3335; baseline 0.005 -23"><span class='ocrx_word' id='word_1_172' title='bbox 517 3257 886 3333; x_wconf 74' lang='lat' dir='ltr'>aspernahnr,</span> <span class='ocrx_word' id='word_1_173' title='bbox 962 3254 1071 3314; x_wconf 81' lang='lat' dir='ltr'>faci</span> <span class='ocrx_word' id='word_1_174' title='bbox 1097 3276 1130 3314; x_wconf 95' lang='lat' dir='ltr'>e</span> <span class='ocrx_word' id='word_1_175' title='bbox 1198 3256 1257 3314; x_wconf 91' lang='lat' dir='ltr'>in</span> <span class='ocrx_word' id='word_1_176' title='bbox 1323 3259 1569 3335; x_wconf 77' lang='lat' dir='ltr'>gratiam</span> 
     </span>
     <span class='ocr_line' id='line_1_32' title="bbox 521 3331 1565 3413; baseline 0.005 -22"><span class='ocrx_word' id='word_1_177' title='bbox 521 3333 687 3393; x_wconf 91' lang='lat' dir='ltr'>redii.</span> <span class='ocrx_word' id='word_1_178' title='bbox 759 3331 965 3393; x_wconf 73' lang='lat' dir='ltr'>Suidas</span> <span class='ocrx_word' id='word_1_179' title='bbox 1018 3333 1092 3393; x_wconf 88' lang='lat' dir='ltr'>T.</span> <span class='ocrx_word' id='word_1_180' title='bbox 1142 3354 1184 3393; x_wconf 92' lang='lat'>1.</span> <span class='ocrx_word' id='word_1_181' title='bbox 1228 3356 1285 3413; x_wconf 88' lang='lat' dir='ltr'>p.</span> <span class='ocrx_word' id='word_1_182' title='bbox 1320 3340 1449 3395; x_wconf 86' lang='grc'><strong>133.</strong></span> <span class='ocrx_word' id='word_1_183' title='bbox 1503 3357 1565 3396; x_wconf 82' lang='lat' dir='ltr'>v.</span> 
     </span>
     <span class='ocr_line' id='line_1_33' title="bbox 515 3413 1571 3493; baseline 0.004 -22"><span class='ocrx_word' id='word_1_184' title='bbox 515 3413 1235 3493; x_wconf 64' lang='lat' dir='ltr'>&#39;Apnperl—eequitur‚</span> <span class='ocrx_word' id='word_1_185' title='bbox 1259 3416 1571 3492; x_wconf 76' lang='grc' dir='ltr'><strong><em>Ἀμαρτεῖν</em></strong></span> 
     </span>
     <span class='ocr_line' id='line_1_34' title="bbox 519 3493 1572 3592; baseline 0.002 -41"><span class='ocrx_word' id='word_1_186' title='bbox 519 3494 705 3571; x_wconf 68' lang='grc' dir='ltr'><strong><em>εἴρηκε</em></strong></span> <span class='ocrx_word' id='word_1_187' title='bbox 784 3493 849 3551; x_wconf 84' lang='grc' dir='ltr'><strong><em>τὸ</em></strong></span> <span class='ocrx_word' id='word_1_188' title='bbox 915 3495 1222 3592; x_wconf 66' lang='grc' dir='ltr'><strong><em>ἁμάρτοιμι</em></strong></span> <span class='ocrx_word' id='word_1_189' title='bbox 1288 3500 1572 3570; x_wconf 76' lang='grc' dir='ltr'><strong><em>Κρατῖνος</em></strong></span> 
     </span>
     <span class='ocr_line' id='line_1_35' title="bbox 520 3570 1572 3651; baseline 0.005 -24"><span class='ocrx_word' id='word_1_190' title='bbox 520 3576 855 3648; x_wconf 79' lang='grc' dir='ltr'><strong><em>Δραπέτισι·</em></strong></span> <span class='ocrx_word' id='word_1_191' title='bbox 912 3573 1204 3641; x_wconf 73' lang='grc' dir='ltr'><strong><em>Ποδαπους</em></strong></span> <span class='ocrx_word' id='word_1_192' title='bbox 1246 3575 1393 3651; x_wconf 68' lang='grc' dir='ltr'>ὑμᾶς</span> <span class='ocrx_word' id='word_1_193' title='bbox 1420 3570 1572 3632; x_wconf 73' lang='grc' dir='ltr'><strong><em>εἶναι</em></strong></span> 
     </span>
     <span class='ocr_line' id='line_1_36' title="bbox 517 3649 1571 3732; baseline 0.006 -27"><span class='ocrx_word' id='word_1_194' title='bbox 517 3649 770 3724; x_wconf 71' lang='grc' dir='ltr'><strong><em>φάσκων,</em></strong></span> <span class='ocrx_word' id='word_1_195' title='bbox 798 3649 841 3708; x_wconf 75' lang='grc' dir='ltr'><strong><em>ὖ</em></strong></span> <span class='ocrx_word' id='word_1_196' title='bbox 868 3659 1142 3730; x_wconf 78' lang='grc' dir='ltr'><strong><em>μείρακες,</em></strong></span> <span class='ocrx_word' id='word_1_197' title='bbox 1163 3657 1261 3712; x_wconf 75' lang='grc' dir='ltr'>οὒκ</span> <span class='ocrx_word' id='word_1_198' title='bbox 1279 3655 1356 3711; x_wconf 77' lang='grc' dir='ltr'><strong><em>ἂν</em></strong></span> <span class='ocrx_word' id='word_1_199' title='bbox 1383 3655 1421 3711; x_wconf 78' lang='grc' dir='ltr'>ἁ</span> <span class='ocrx_word' id='word_1_200' title='bbox 1468 3677 1571 3732; x_wconf 89' lang='grc' dir='ltr'><strong><em>αρ-</em></strong></span> 
     </span>
     <span class='ocr_line' id='line_1_37' title="bbox 519 3728 1571 3807; baseline 0.01 -26"><span class='ocrx_word' id='word_1_201' title='bbox 519 3732 658 3783; x_wconf 85' lang='grc' dir='ltr'><strong><em>τεῖν.</em></strong></span> <span class='ocrx_word' id='word_1_202' title='bbox 738 3728 1078 3807; x_wconf 81' lang='lat' dir='ltr'>Indignatur</span> <span class='ocrx_word' id='word_1_203' title='bbox 1122 3731 1381 3792; x_wconf 72' lang='lat' dir='ltr'>Kuetero</span> <span class='ocrx_word' id='word_1_204' title='bbox 1476 3754 1571 3792; x_wconf 90' lang='lat' dir='ltr'>or-</span> 
     </span>
     <span class='ocr_line' id='line_1_38' title="bbox 520 3808 1572 3881; baseline 0.011 -21"><span class='ocrx_word' id='word_1_205' title='bbox 520 3821 715 3873; x_wconf 70' lang='lat' dir='ltr'>sonnz,</span> <span class='ocrx_word' id='word_1_206' title='bbox 736 3808 893 3881; x_wconf 92' lang='lat' dir='ltr'>quod</span> <span class='ocrx_word' id='word_1_207' title='bbox 913 3808 1173 3876; x_wconf 77' lang='grc' dir='ltr'><strong><em>ποδαπὸς</em></strong></span> <span class='ocrx_word' id='word_1_208' title='bbox 1201 3832 1277 3870; x_wconf 83' lang='lat' dir='ltr'>ex</span> <span class='ocrx_word' id='word_1_209' title='bbox 1294 3812 1385 3872; x_wconf 92' lang='lat' dir='ltr'>ed.</span> <span class='ocrx_word' id='word_1_210' title='bbox 1406 3812 1572 3872; x_wconf 89' lang='lat' dir='ltr'>Med.</span> 
     </span>
     <span class='ocr_line' id='line_1_39' title="bbox 521 3887 1577 3959; baseline 0.012 -20"><span class='ocrx_word' id='word_1_211' title='bbox 521 3900 637 3940; x_wconf 91' lang='lat' dir='ltr'>non</span> <span class='ocrx_word' id='word_1_212' title='bbox 665 3887 1001 3959; x_wconf 76' lang='lat' dir='ltr'>reposuerit.</span> <span class='ocrx_word' id='word_1_213' title='bbox 1086 3892 1122 3920; x_wconf 76' lang='lat'>‘⁸</span> <span class='ocrx_word' id='word_1_214' title='bbox 1144 3887 1365 3948; x_wconf 88' lang='lat' dir='ltr'>Verum</span> <span class='ocrx_word' id='word_1_215' title='bbox 1393 3892 1577 3952; x_wconf 80' lang='lat' dir='ltr'>altera</span> 
     </span>
     <span class='ocr_line' id='line_1_40' title="bbox 522 3960 1572 4047; baseline 0.01 -28"><span class='ocrx_word' id='word_1_216' title='bbox 522 3960 730 4019; x_wconf 84' lang='lat' dir='ltr'>menda</span> <span class='ocrx_word' id='word_1_217' title='bbox 755 3962 975 4021; x_wconf 77' lang='lat' dir='ltr'>subest.</span> <span class='ocrx_word' id='word_1_218' title='bbox 1042 3964 1357 4029; x_wconf 85' lang='lat' dir='ltr'>Quomodo</span> <span class='ocrx_word' id='word_1_219' title='bbox 1384 3973 1572 4047; x_wconf 75' lang='grc' dir='ltr'><strong><em>ἁμαρ-</em></strong></span> 
     </span>
     <span class='ocr_line' id='line_1_41' title="bbox 524 4040 1573 4124; baseline 0.008 -26"><span class='ocrx_word' id='word_1_220' title='bbox 524 4048 644 4098; x_wconf 81' lang='grc' dir='ltr'><strong><em>τεῖν</em></strong></span> <span class='ocrx_word' id='word_1_221' title='bbox 670 4059 776 4119; x_wconf 86' lang='lat' dir='ltr'>pro</span> <span class='ocrx_word' id='word_1_222' title='bbox 804 4040 1114 4119; x_wconf 76' lang='grc' dir='ltr'><strong><em>ἁμάρτοιμι</em></strong></span> <span class='ocrx_word' id='word_1_223' title='bbox 1147 4047 1408 4122; x_wconf 78' lang='lat' dir='ltr'>usurpari</span> <span class='ocrx_word' id='word_1_224' title='bbox 1438 4068 1573 4124; x_wconf 75' lang='lat' dir='ltr'>pos-</span> 
     </span>
     <span class='ocr_line' id='line_1_42' title="bbox 524 4117 1573 4200; baseline 0.008 -22"><span class='ocrx_word' id='word_1_225' title='bbox 524 4119 602 4178; x_wconf 80' lang='lat' dir='ltr'>sit</span> <span class='ocrx_word' id='word_1_226' title='bbox 626 4117 892 4196; x_wconf 87' lang='lat' dir='ltr'>equidem</span> <span class='ocrx_word' id='word_1_227' title='bbox 930 4121 1152 4196; x_wconf 88' lang='lat' dir='ltr'>ignoro.</span> <span class='ocrx_word' id='word_1_228' title='bbox 1218 4122 1457 4200; x_wconf 88' lang='lat' dir='ltr'>Repone</span> <span class='ocrx_word' id='word_1_229' title='bbox 1494 4147 1573 4186; x_wconf 83' lang='lat' dir='ltr'>ex</span> 
     </span>
     <span class='ocr_line' id='line_1_43' title="bbox 523 4197 1575 4278; baseline 0.003 -19"><span class='ocrx_word' id='word_1_230' title='bbox 523 4199 725 4259; x_wconf 86' lang='lat' dir='ltr'>ordine</span> <span class='ocrx_word' id='word_1_231' title='bbox 749 4197 1061 4269; x_wconf 87' lang='lat' dir='ltr'>literarum,</span> <span class='ocrx_word' id='word_1_232' title='bbox 1097 4200 1398 4278; x_wconf 76' lang='grc' dir='ltr'><strong><em>ιὶμάρτοιν.</em></strong></span> <span class='ocrx_word' id='word_1_233' title='bbox 1481 4205 1575 4264; x_wconf 78' lang='lat' dir='ltr'>Ita</span> 
     </span>
     <span class='ocr_line' id='line_1_44' title="bbox 523 4278 1575 4358; baseline 0.007 -23"><span class='ocrx_word' id='word_1_234' title='bbox 523 4282 747 4357; x_wconf 72' lang='grc' dir='ltr'><strong><em>τρέφων</em></strong></span> <span class='ocrx_word' id='word_1_235' title='bbox 794 4279 854 4338; x_wconf 91' lang='lat' dir='ltr'>in</span> <span class='ocrx_word' id='word_1_236' title='bbox 903 4278 1223 4356; x_wconf 80' lang='lat' dir='ltr'>fragmento</span> <span class='ocrx_word' id='word_1_237' title='bbox 1278 4279 1575 4358; x_wconf 68' lang='lat' dir='ltr'>Euripidis</span> 
     </span>
     <span class='ocr_line' id='line_1_45' title="bbox 520 4357 1574 4438; baseline 0.008 -23"><span class='ocrx_word' id='word_1_238' title='bbox 520 4359 676 4434; x_wconf 82' lang='lat' dir='ltr'>apud</span> <span class='ocrx_word' id='word_1_239' title='bbox 704 4357 905 4436; x_wconf 84' lang='lat' dir='ltr'>Etym.</span> <span class='ocrx_word' id='word_1_240' title='bbox 934 4357 1018 4417; x_wconf 83' lang='lat' dir='ltr'>M.</span> <span class='ocrx_word' id='word_1_241' title='bbox 1038 4379 1098 4438; x_wconf 87' lang='lat' dir='ltr'>p.</span> <span class='ocrx_word' id='word_1_242' title='bbox 1127 4363 1263 4432; x_wconf 81' lang='lat'><strong>764,</strong></span> <span class='ocrx_word' id='word_1_243' title='bbox 1289 4364 1383 4418; x_wconf 85' lang='grc'>52.</span> <span class='ocrx_word' id='word_1_244' title='bbox 1415 4363 1574 4437; x_wconf 85' lang='lat' dir='ltr'>quod</span> 
     </span>
    </p>
   </div>
   <div class='ocr_carea' id='block_1_5' title="bbox 1643 1438 2726 4350">
    <p class='ocr_par' dir='ltr' id='par_1_5' title="bbox 1643 1438 2721 3354">
     <span class='ocr_line' id='line_1_46' title="bbox 1643 1438 2700 1518; baseline 0.002 -20"><span class='ocrx_word' id='word_1_245' title='bbox 1643 1439 1854 1518; x_wconf 84' lang='lat' dir='ltr'>injuria</span> <span class='ocrx_word' id='word_1_246' title='bbox 1934 1439 2184 1499; x_wconf 75' lang='lat' dir='ltr'>solicitat</span> <span class='ocrx_word' id='word_1_247' title='bbox 2259 1438 2700 1500; x_wconf 77' lang='lat' dir='ltr'>Valckenaeriua</span> 
     </span>
     <span class='ocr_line' id='line_1_47' title="bbox 1645 1518 2703 1597; baseline 0.003 -21"><span class='ocrx_word' id='word_1_248' title='bbox 1645 1518 1891 1578; x_wconf 83' lang='lat' dir='ltr'>Diatrib.</span> <span class='ocrx_word' id='word_1_249' title='bbox 1921 1540 1985 1597; x_wconf 83' lang='lat' dir='ltr'>p.</span> <span class='ocrx_word' id='word_1_250' title='bbox 2019 1522 2152 1578; x_wconf 84' lang='lat'>153.</span> <span class='ocrx_word' id='word_1_251' title='bbox 2191 1521 2475 1597; x_wconf 77' lang='grc' dir='ltr'><strong><em>ἀμαρτοῖν</em></strong></span> <span class='ocrx_word' id='word_1_252' title='bbox 2507 1521 2598 1578; x_wconf 74' lang='lat' dir='ltr'>bis</span> <span class='ocrx_word' id='word_1_253' title='bbox 2625 1540 2703 1579; x_wconf 83' lang='lat' dir='ltr'>ex</span> 
     </span>
     <span class='ocr_line' id='line_1_48' title="bbox 1648 1598 2708 1668; baseline 0.002 -12"><span class='ocrx_word' id='word_1_254' title='bbox 1648 1599 2019 1667; x_wconf 85' lang='lat' dir='ltr'>correctione,</span> <span class='ocrx_word' id='word_1_255' title='bbox 2048 1598 2153 1657; x_wconf 78' lang='lat' dir='ltr'>sed</span> <span class='ocrx_word' id='word_1_256' title='bbox 2178 1600 2253 1657; x_wconf 84' lang='lat' dir='ltr'>ab</span> <span class='ocrx_word' id='word_1_257' title='bbox 2279 1598 2483 1657; x_wconf 86' lang='lat' dir='ltr'>eadem</span> <span class='ocrx_word' id='word_1_258' title='bbox 2509 1618 2708 1668; x_wconf 71' lang='lat' dir='ltr'>manu,</span> 
     </span>
     <span class='ocr_line' id='line_1_49' title="bbox 1647 1675 2703 1746; baseline 0 -10"><span class='ocrx_word' id='word_1_259' title='bbox 1647 1689 1708 1736; x_wconf 80' lang='lat' dir='ltr'>et</span> <span class='ocrx_word' id='word_1_260' title='bbox 1733 1677 2012 1746; x_wconf 78' lang='grc' dir='ltr'><strong><em>ποδαπὸς,</em></strong></span> <span class='ocrx_word' id='word_1_261' title='bbox 2039 1697 2151 1736; x_wconf 74' lang='grc' dir='ltr'><strong>ωε.</strong></span> <span class='ocrx_word' id='word_1_262' title='bbox 2176 1675 2248 1736; x_wconf 88' lang='lat' dir='ltr'>C.</span> <span class='ocrx_word' id='word_1_263' title='bbox 2270 1676 2340 1736; x_wconf 90' lang='lat' dir='ltr'>C.</span> <span class='ocrx_word' id='word_1_264' title='bbox 2371 1675 2481 1735; x_wconf 87' lang='lat' dir='ltr'>C.”</span> <span class='ocrx_word' id='word_1_265' title='bbox 2521 1678 2599 1735; x_wconf 83' lang='lat' dir='ltr'>R.</span> <span class='ocrx_word' id='word_1_266' title='bbox 2630 1679 2703 1736; x_wconf 89' lang='lat' dir='ltr'>P.</span> 
     </span>
     <span class='ocr_line' id='line_1_50' title="bbox 1648 1755 2708 1834; baseline 0.001 -20"><span class='ocrx_word' id='word_1_267' title='bbox 1648 1755 1804 1832; x_wconf 88' lang='lat' dir='ltr'>apud</span> <span class='ocrx_word' id='word_1_268' title='bbox 1817 1758 1887 1815; x_wconf 90' lang='lat' dir='ltr'>P.</span> <span class='ocrx_word' id='word_1_269' title='bbox 1903 1758 1975 1815; x_wconf 90' lang='lat' dir='ltr'>P.</span> <span class='ocrx_word' id='word_1_270' title='bbox 1985 1756 2069 1814; x_wconf 93' lang='lat' dir='ltr'>D.</span> <span class='ocrx_word' id='word_1_271' title='bbox 2086 1757 2147 1815; x_wconf 90' lang='lat' dir='ltr'>in</span> <span class='ocrx_word' id='word_1_272' title='bbox 2165 1755 2503 1834; x_wconf 85' lang='lat' dir='ltr'>Addend.p.</span> <span class='ocrx_word' id='word_1_273' title='bbox 2514 1757 2572 1834; x_wconf 91' lang='lat'>(1</span> <span class='ocrx_word' id='word_1_274' title='bbox 2584 1758 2708 1833; x_wconf 82' lang='lat'>43.)</span> 
     </span>
     <span class='ocr_line' id='line_1_51' title="bbox 1651 1835 2704 1914; baseline 0.003 -22"><span class='ocrx_word' id='word_1_275' title='bbox 1651 1835 1715 1892; x_wconf 90' lang='lat' dir='ltr'>Si</span> <span class='ocrx_word' id='word_1_276' title='bbox 1743 1835 1896 1895; x_wconf 88' lang='lat' dir='ltr'>hunc</span> <span class='ocrx_word' id='word_1_277' title='bbox 1924 1855 2167 1895; x_wconf 83' lang='lat' dir='ltr'>aureum</span> <span class='ocrx_word' id='word_1_278' title='bbox 2190 1835 2446 1895; x_wconf 88' lang='lat' dir='ltr'>libellum</span> <span class='ocrx_word' id='word_1_279' title='bbox 2474 1854 2534 1914; x_wconf 90' lang='lat' dir='ltr'>p.</span> <span class='ocrx_word' id='word_1_280' title='bbox 2566 1841 2704 1895; x_wconf 80' lang='grc'><strong>303.</strong></span> 
     </span>
     <span class='ocr_line' id='line_1_52' title="bbox 1651 1913 2708 1991; baseline 0.002 -20"><span class='ocrx_word' id='word_1_281' title='bbox 1651 1913 1995 1990; x_wconf 82' lang='lat' dir='ltr'>inspexisset</span> <span class='ocrx_word' id='word_1_282' title='bbox 2031 1914 2124 1983; x_wconf 69' lang='lat' dir='ltr'>B„</span> <span class='ocrx_word' id='word_1_283' title='bbox 2151 1934 2268 1973; x_wconf 91' lang='lat' dir='ltr'>non</span> <span class='ocrx_word' id='word_1_284' title='bbox 2295 1914 2708 1991; x_wconf 84' lang='lat' dir='ltr'>Epicharmum</span> 
     </span>
     <span class='ocr_line' id='line_1_53' title="bbox 1652 1992 2707 2071; baseline 0.003 -22"><span class='ocrx_word' id='word_1_285' title='bbox 1652 1993 1808 2070; x_wconf 88' lang='lat' dir='ltr'>apud</span> <span class='ocrx_word' id='word_1_286' title='bbox 1837 1994 2002 2052; x_wconf 90' lang='lat' dir='ltr'>Stob.</span> <span class='ocrx_word' id='word_1_287' title='bbox 2037 1992 2220 2053; x_wconf 90' lang='lat' dir='ltr'>Serm.</span> <span class='ocrx_word' id='word_1_288' title='bbox 2241 2012 2495 2063; x_wconf 81' lang='lat' dir='ltr'>xxxvm,</span> <span class='ocrx_word' id='word_1_289' title='bbox 2518 2014 2576 2071; x_wconf 89' lang='lat' dir='ltr'>p.</span> <span class='ocrx_word' id='word_1_290' title='bbox 2589 1999 2707 2052; x_wconf 79' lang='grc'>222</span> 
     </span>
     <span class='ocr_line' id='line_1_54' title="bbox 1655 2071 2716 2149; baseline 0 -19"><span class='ocrx_word' id='word_1_291' title='bbox 1655 2077 1889 2131; x_wconf 84' lang='lat'>=151.</span> <span class='ocrx_word' id='word_1_292' title='bbox 1927 2071 2107 2131; x_wconf 86' lang='lat' dir='ltr'>Grot.</span> <span class='ocrx_word' id='word_1_293' title='bbox 2149 2073 2384 2149; x_wconf 67' lang='lat' dir='ltr'>gravius</span> <span class='ocrx_word' id='word_1_294' title='bbox 2409 2072 2716 2132; x_wconf 69' lang='lat' dir='ltr'>afflixisset</span> 
     </span>
     <span class='ocr_line' id='line_1_55' title="bbox 1656 2150 2709 2229; baseline -0.001 -17"><span class='ocrx_word' id='word_1_295' title='bbox 1656 2155 1717 2212; x_wconf 91' lang='lat' dir='ltr'>in</span> <span class='ocrx_word' id='word_1_296' title='bbox 1759 2155 1910 2211; x_wconf 73' lang='lat' dir='ltr'>uotis</span> <span class='ocrx_word' id='word_1_297' title='bbox 1954 2153 2031 2211; x_wconf 82' lang='lat' dir='ltr'>ad</span> <span class='ocrx_word' id='word_1_298' title='bbox 2075 2150 2245 2210; x_wconf 90' lang='lat' dir='ltr'>Pind.</span> <span class='ocrx_word' id='word_1_299' title='bbox 2297 2151 2474 2229; x_wconf 78' lang='lat' dir='ltr'>Pyth.</span> <span class='ocrx_word' id='word_1_300' title='bbox 2529 2172 2570 2220; x_wconf 85' lang='lat'>1,</span> <span class='ocrx_word' id='word_1_301' title='bbox 2611 2158 2709 2211; x_wconf 88' lang='grc'>92.</span> 
     </span>
     <span class='ocr_line' id='line_1_56' title="bbox 1658 2230 2714 2310; baseline -0.002 -20"><span class='ocrx_word' id='word_1_302' title='bbox 1658 2238 1761 2299; x_wconf 79' lang='grc' dir='ltr'>Τίς</span> <span class='ocrx_word' id='word_1_303' title='bbox 1817 2230 1875 2289; x_wconf 75' lang='grc' dir='ltr'>δέ</span> <span class='ocrx_word' id='word_1_304' title='bbox 1923 2237 2028 2288; x_wconf 84' lang='grc' dir='ltr'>ΚΑ</span> <span class='ocrx_word' id='word_1_305' title='bbox 2074 2236 2273 2289; x_wconf 75' lang='lat' dir='ltr'>Aoni</span> <span class='ocrx_word' id='word_1_306' title='bbox 2317 2233 2588 2305; x_wconf 82' lang='grc' dir='ltr'><strong><em>γενέσθαι</em></strong></span> <span class='ocrx_word' id='word_1_307' title='bbox 2632 2235 2714 2310; x_wconf 75' lang='grc' dir='ltr'>μὴ</span> 
     </span>
     <span class='ocr_line' id='line_1_57' title="bbox 1660 2310 2712 2392; baseline -0.001 -22"><span class='ocrx_word' id='word_1_308' title='bbox 1660 2311 2065 2392; x_wconf 73' lang='grc' dir='ltr'><strong><em>φθονοῦμενος,</em></strong></span> <span class='ocrx_word' id='word_1_309' title='bbox 2105 2316 2305 2389; x_wconf 77' lang='grc' dir='ltr'><strong><em>φίλοςς</em></strong></span> <span class='ocrx_word' id='word_1_310' title='bbox 2351 2316 2388 2344; x_wconf 83' lang='grc'>“</span> <span class='ocrx_word' id='word_1_311' title='bbox 2411 2310 2624 2369; x_wconf 82' lang='lat' dir='ltr'>Pollux</span> <span class='ocrx_word' id='word_1_312' title='bbox 2649 2332 2712 2381; x_wconf 82' lang='lat' dir='ltr'>x,</span> 
     </span>
     <span class='ocr_line' id='line_1_58' title="bbox 1662 2388 2714 2468; baseline -0.004 -17"><span class='ocrx_word' id='word_1_313' title='bbox 1662 2398 1758 2453; x_wconf 82' lang='grc'>72.</span> <span class='ocrx_word' id='word_1_314' title='bbox 1817 2390 1876 2447; x_wconf 92' lang='lat' dir='ltr'>in</span> <span class='ocrx_word' id='word_1_315' title='bbox 1929 2388 2262 2468; x_wconf 85' lang='lat' dir='ltr'>Epicharmi</span> <span class='ocrx_word' id='word_1_316' title='bbox 2313 2390 2538 2448; x_wconf 76' lang='lat' dir='ltr'>senario</span> <span class='ocrx_word' id='word_1_317' title='bbox 2576 2389 2714 2447; x_wconf 79' lang='lat' dir='ltr'>ferri</span> 
     </span>
     <span class='ocr_line' id='line_1_59' title="bbox 1662 2469 2715 2547; baseline -0.003 -16"><span class='ocrx_word' id='word_1_318' title='bbox 1662 2490 1780 2531; x_wconf 89' lang='lat' dir='ltr'>nou</span> <span class='ocrx_word' id='word_1_319' title='bbox 1814 2483 2006 2547; x_wconf 75' lang='lat' dir='ltr'>potest</span> <span class='ocrx_word' id='word_1_320' title='bbox 2047 2469 2360 2547; x_wconf 75' lang='grc' dir='ltr'><strong><em>δηλοίμηνς</em></strong></span> <span class='ocrx_word' id='word_1_321' title='bbox 2406 2469 2715 2546; x_wconf 83' lang='lat' dir='ltr'>requiritur</span> 
     </span>
     <span class='ocr_line' id='line_1_60' title="bbox 1665 2546 2715 2625; baseline -0.002 -16"><span class='ocrx_word' id='word_1_322' title='bbox 1665 2551 1722 2609; x_wconf 89' lang='lat' dir='ltr'>vi</span> <span class='ocrx_word' id='word_1_323' title='bbox 1750 2550 1917 2608; x_wconf 88' lang='lat' dir='ltr'>metri</span> <span class='ocrx_word' id='word_1_324' title='bbox 1945 2548 2037 2608; x_wconf 83' lang='lat' dir='ltr'>vel</span> <span class='ocrx_word' id='word_1_325' title='bbox 2067 2547 2228 2617; x_wconf 78' lang='grc' dir='ltr'><strong><em>δηλοῖ</em></strong></span> <span class='ocrx_word' id='word_1_326' title='bbox 2251 2546 2378 2625; x_wconf 80' lang='grc' dir='ltr'><strong><em>μὲν,</em></strong></span> <span class='ocrx_word' id='word_1_327' title='bbox 2399 2547 2493 2606; x_wconf 80' lang='lat' dir='ltr'>vel</span> <span class='ocrx_word' id='word_1_328' title='bbox 2524 2547 2715 2618; x_wconf 76' lang='grc' dir='ltr'><strong><em>δηλοῖ-</em></strong></span> 
     </span>
     <span class='ocr_line' id='line_1_61' title="bbox 1663 2626 2718 2707; baseline -0.002 -19"><span class='ocrx_word' id='word_1_329' title='bbox 1663 2654 1790 2707; x_wconf 87' lang='grc' dir='ltr'><strong><em>μεν,</em></strong></span> <span class='ocrx_word' id='word_1_330' title='bbox 1817 2628 1910 2686; x_wconf 80' lang='lat' dir='ltr'>vel</span> <span class='ocrx_word' id='word_1_331' title='bbox 1936 2627 2180 2686; x_wconf 74' lang='lat' dir='ltr'>sortasse</span> <span class='ocrx_word' id='word_1_332' title='bbox 2218 2630 2351 2686; x_wconf 62' lang='lat' dir='ltr'>oin·</span> <span class='ocrx_word' id='word_1_333' title='bbox 2375 2627 2438 2684; x_wconf 73' lang='grc' dir='ltr'><strong><em>ἓν</em></strong></span> <span class='ocrx_word' id='word_1_334' title='bbox 2465 2626 2611 2707; x_wconf 59' lang='grc' dir='ltr'>κάδγ</span> <span class='ocrx_word' id='word_1_335' title='bbox 2649 2627 2718 2698; x_wconf 68' lang='grc' dir='ltr'>δὴ</span> 
     </span>
     <span class='ocr_line' id='line_1_62' title="bbox 1665 2705 2718 2789; baseline -0.003 -21"><span class='ocrx_word' id='word_1_336' title='bbox 1665 2715 1876 2789; x_wconf 69' lang='grc' dir='ltr'><strong><em>λᾷμεν,</em></strong></span> <span class='ocrx_word' id='word_1_337' title='bbox 1925 2705 2038 2765; x_wconf 74' lang='grc' dir='ltr'><strong><em>οὔτ’</em></strong></span> <span class='ocrx_word' id='word_1_338' title='bbox 2086 2708 2150 2765; x_wconf 79' lang='grc' dir='ltr'><strong><em>ἒν</em></strong></span> <span class='ocrx_word' id='word_1_339' title='bbox 2192 2711 2448 2788; x_wconf 69' lang='grc' dir='ltr'><strong><em>ἅμφορεῑ.</em></strong></span> <span class='ocrx_word' id='word_1_340' title='bbox 2504 2712 2585 2784; x_wconf 55' lang='grc' dir='ltr'>λς’·</span> <span class='ocrx_word' id='word_1_341' title='bbox 2634 2732 2718 2776; x_wconf 86' lang='grc' dir='ltr'>εν,</span> 
     </span>
     <span class='ocr_line' id='line_1_63' title="bbox 1664 2788 2718 2866; baseline -0.003 -18"><span class='ocrx_word' id='word_1_342' title='bbox 1664 2789 1925 2856; x_wconf 76' lang='lat' dir='ltr'>volumus,</span> <span class='ocrx_word' id='word_1_343' title='bbox 1955 2799 2020 2846; x_wconf 89' lang='lat' dir='ltr'>ut</span> <span class='ocrx_word' id='word_1_344' title='bbox 2038 2791 2167 2864; x_wconf 79' lang='grc' dir='ltr'>λῇς,</span> <span class='ocrx_word' id='word_1_345' title='bbox 2185 2788 2285 2857; x_wconf 73' lang='lat' dir='ltr'>vis,</span> <span class='ocrx_word' id='word_1_346' title='bbox 2303 2792 2498 2866; x_wconf 69' lang='grc' dir='ltr'><strong><em>λᾷντι,</em></strong></span> <span class='ocrx_word' id='word_1_347' title='bbox 2515 2807 2546 2845; x_wconf 82' lang='lat' dir='ltr'><strong><em>v</em></strong></span> <span class='ocrx_word' id='word_1_348' title='bbox 2700 2828 2718 2858; x_wconf 86' lang='lat'>,</span> 
     </span>
     <span class='ocr_line' id='line_1_64' title="bbox 1666 2866 2716 2945; baseline -0.001 -20"><span class='ocrx_word' id='word_1_349' title='bbox 1666 2874 1950 2945; x_wconf 78' lang='grc' dir='ltr'>Δωρικῶς.</span> <span class='ocrx_word' id='word_1_350' title='bbox 2019 2866 2322 2943; x_wconf 76' lang='lat' dir='ltr'>Aristoph.</span> <span class='ocrx_word' id='word_1_351' title='bbox 2373 2866 2512 2942; x_wconf 69' lang='lat' dir='ltr'>Lyn.</span> <span class='ocrx_word' id='word_1_352' title='bbox 2581 2871 2716 2924; x_wconf 88' lang='grc'><strong>980.</strong></span> 
     </span>
     <span class='ocr_line' id='line_1_65' title="bbox 1665 2944 2721 3020; baseline 0.001 -17"><span class='ocrx_word' id='word_1_353' title='bbox 1665 2951 1748 3007; x_wconf 78' lang='grc' dir='ltr'>λῶ</span> <span class='ocrx_word' id='word_1_354' title='bbox 1805 2970 1858 3003; x_wconf 83' lang='grc' dir='ltr'><strong><em>τι</em></strong></span> <span class='ocrx_word' id='word_1_355' title='bbox 1909 2946 2139 3020; x_wconf 72' lang='grc' dir='ltr'><strong><em>μυσίξαι</em></strong></span> <span class='ocrx_word' id='word_1_356' title='bbox 2190 2944 2352 3003; x_wconf 84' lang='grc' dir='ltr'><strong><em>νέον”</em></strong></span> <span class='ocrx_word' id='word_1_357' title='bbox 2411 2944 2721 3004; x_wconf 69' lang='lat' dir='ltr'>RicAnnus</span> 
     </span>
     <span class='ocr_line' id='line_1_66' title="bbox 1667 3021 2721 3100; baseline -0.001 -18"><span class='ocrx_word' id='word_1_358' title='bbox 1667 3024 2013 3083; x_wconf 67' lang='lat' dir='ltr'>Rem-mma</span> <span class='ocrx_word' id='word_1_359' title='bbox 2036 3022 2111 3083; x_wconf 90' lang='grc' dir='ltr'>Τ.</span> <span class='ocrx_word' id='word_1_360' title='bbox 2126 3021 2208 3080; x_wconf 87' lang='grc' dir='ltr'>Η.</span> <span class='ocrx_word' id='word_1_361' title='bbox 2272 3066 2285 3080; x_wconf 89' lang='lat'>.</span> <span class='ocrx_word' id='word_1_362' title='bbox 2303 3027 2377 3082; x_wconf 91' lang='grc'>97</span> <span class='ocrx_word' id='word_1_363' title='bbox 2400 3054 2478 3077; x_wconf 91' lang='lat'>=</span> <span class='ocrx_word' id='word_1_364' title='bbox 2500 3045 2557 3100; x_wconf 88' lang='lat' dir='ltr'>p.</span> <span class='ocrx_word' id='word_1_365' title='bbox 2581 3029 2721 3081; x_wconf 85' lang='grc'><strong>299.</strong></span> 
     </span>
     <span class='ocr_line' id='line_1_67' title="bbox 1667 3101 2720 3180; baseline -0.004 -17"><span class='ocrx_word' id='word_1_366' title='bbox 1667 3103 1837 3163; x_wconf 78' lang='lat' dir='ltr'>Conf.</span> <span class='ocrx_word' id='word_1_367' title='bbox 1875 3101 1947 3161; x_wconf 85' lang='lat' dir='ltr'>T.</span> <span class='ocrx_word' id='word_1_368' title='bbox 1971 3102 2057 3161; x_wconf 89' lang='lat' dir='ltr'>H.</span> <span class='ocrx_word' id='word_1_369' title='bbox 2102 3101 2178 3161; x_wconf 87' lang='lat' dir='ltr'>ad</span> <span class='ocrx_word' id='word_1_370' title='bbox 2282 3103 2474 3180; x_wconf 86' lang='lat' dir='ltr'>esych.</span> <span class='ocrx_word' id='word_1_371' title='bbox 2504 3121 2560 3160; x_wconf 83' lang='lat' dir='ltr'>v.</span> <span class='ocrx_word' id='word_1_372' title='bbox 2593 3107 2720 3159; x_wconf 85' lang='grc' dir='ltr'>Μυ-</span> 
     </span>
     <span class='ocr_line' id='line_1_68' title="bbox 1669 3181 2718 3252; baseline -0.001 -12"><span class='ocrx_word' id='word_1_373' title='bbox 1669 3182 1898 3252; x_wconf 58' lang='lat' dir='ltr'>elfeca,</span> <span class='ocrx_word' id='word_1_374' title='bbox 1961 3181 2155 3240; x_wconf 81' lang='lat' dir='ltr'>Valck.</span> <span class='ocrx_word' id='word_1_375' title='bbox 2224 3182 2300 3241; x_wconf 83' lang='lat' dir='ltr'>ad</span> <span class='ocrx_word' id='word_1_376' title='bbox 2366 3183 2578 3241; x_wconf 70' lang='lat' dir='ltr'>Rover.</span> <span class='ocrx_word' id='word_1_377' title='bbox 2647 3181 2718 3239; x_wconf 91' lang='lat' dir='ltr'>P.</span> 
     </span>
     <span class='ocr_line' id='line_1_69' title="bbox 1669 3261 2599 3354; baseline -0.001 -34"><span class='ocrx_word' id='word_1_378' title='bbox 1669 3281 1857 3320; x_wconf 71' lang='lat' dir='ltr'>Lxxxx.</span> <span class='ocrx_word' id='word_1_379' title='bbox 1890 3274 1948 3319; x_wconf 86' lang='lat' dir='ltr'>et</span> <span class='ocrx_word' id='word_1_380' title='bbox 1975 3261 2031 3319; x_wconf 89' lang='lat' dir='ltr'>in</span> <span class='ocrx_word' id='word_1_381' title='bbox 2056 3261 2339 3320; x_wconf 84' lang='lat' dir='ltr'>Adoniaz.</span> <span class='ocrx_word' id='word_1_382' title='bbox 2366 3283 2428 3354; x_wconf 90' lang='lat' dir='ltr'>p.</span> <span class='ocrx_word' id='word_1_383' title='bbox 2462 3266 2599 3323; x_wconf 87' lang='grc'><strong>279.</strong></span> 
     </span>
    </p>

    <p class='ocr_par' dir='ltr' id='par_1_6' title="bbox 1670 3340 2725 3888">
     <span class='ocr_line' id='line_1_70' title="bbox 1754 3340 2723 3419; baseline -0.002 -19"><span class='ocrx_word' id='word_1_384' title='bbox 1754 3345 1846 3400; x_wconf 92' lang='grc'><strong>70.</strong></span> <span class='ocrx_word' id='word_1_385' title='bbox 1888 3340 2002 3397; x_wconf 81' lang='lat' dir='ltr'>Ad.</span> <span class='ocrx_word' id='word_1_386' title='bbox 2022 3340 2084 3409; x_wconf 89' lang='lat' dir='ltr'>l.‚</span> <span class='ocrx_word' id='word_1_387' title='bbox 2112 3361 2258 3418; x_wconf 75' lang='lat' dir='ltr'>quos</span> <span class='ocrx_word' id='word_1_388' title='bbox 2286 3342 2451 3419; x_wconf 81' lang='lat' dir='ltr'>attigi</span> <span class='ocrx_word' id='word_1_389' title='bbox 2477 3342 2535 3399; x_wconf 91' lang='lat' dir='ltr'>in</span> <span class='ocrx_word' id='word_1_390' title='bbox 2561 3340 2723 3399; x_wconf 83' lang='lat' dir='ltr'>Gent.</span> 
     </span>
     <span class='ocr_line' id='line_1_71' title="bbox 1670 3418 2721 3497; baseline 0.002 -22"><span class='ocrx_word' id='word_1_391' title='bbox 1670 3419 1840 3497; x_wconf 81' lang='lat' dir='ltr'>Mag.</span> <span class='ocrx_word' id='word_1_392' title='bbox 1854 3418 2032 3494; x_wconf 85' lang='lat' dir='ltr'>(Nov.</span> <span class='ocrx_word' id='word_1_393' title='bbox 2068 3424 2240 3488; x_wconf 83' lang='lat'><strong>1797,</strong></span> <span class='ocrx_word' id='word_1_394' title='bbox 2271 3439 2327 3496; x_wconf 85' lang='lat' dir='ltr'>p.</span> <span class='ocrx_word' id='word_1_395' title='bbox 2359 3425 2540 3492; x_wconf 84' lang='lat'>923.).</span> <span class='ocrx_word' id='word_1_396' title='bbox 2569 3418 2721 3477; x_wconf 91' lang='lat' dir='ltr'>Vide</span> 
     </span>
     <span class='ocr_line' id='line_1_72' title="bbox 1672 3497 2721 3578; baseline 0.002 -24"><span class='ocrx_word' id='word_1_397' title='bbox 1672 3497 1820 3556; x_wconf 84' lang='lat' dir='ltr'>infra</span> <span class='ocrx_word' id='word_1_398' title='bbox 1846 3498 1920 3558; x_wconf 79' lang='lat' dir='ltr'>ad</span> <span class='ocrx_word' id='word_1_399' title='bbox 1939 3498 2016 3557; x_wconf 81' lang='lat' dir='ltr'>R.</span> <span class='ocrx_word' id='word_1_400' title='bbox 2038 3498 2122 3557; x_wconf 92' lang='lat' dir='ltr'>D.</span> <span class='ocrx_word' id='word_1_401' title='bbox 2148 3520 2206 3578; x_wconf 86' lang='lat' dir='ltr'>p.</span> <span class='ocrx_word' id='word_1_402' title='bbox 2229 3502 2364 3556; x_wconf 87' lang='grc'><strong>269.</strong></span> <span class='ocrx_word' id='word_1_403' title='bbox 2409 3497 2502 3557; x_wconf 90' lang='lat' dir='ltr'>De</span> <span class='ocrx_word' id='word_1_404' title='bbox 2529 3497 2721 3556; x_wconf 87' lang='lat' dir='ltr'>iambo</span> 
     </span>
     <span class='ocr_line' id='line_1_73' title="bbox 1671 3574 2722 3655; baseline 0.001 -21"><span class='ocrx_word' id='word_1_405' title='bbox 1671 3574 1926 3655; x_wconf 86' lang='lat' dir='ltr'>Philippi</span> <span class='ocrx_word' id='word_1_406' title='bbox 1955 3576 2384 3638; x_wconf 74' lang='lat' dir='ltr'>Melanctbonia</span> <span class='ocrx_word' id='word_1_407' title='bbox 2411 3576 2722 3638; x_wconf 75' lang='lat' dir='ltr'>Marklan-</span> 
     </span>
     <span class='ocr_line' id='line_1_74' title="bbox 1671 3654 2723 3733; baseline -0.002 -18"><span class='ocrx_word' id='word_1_408' title='bbox 1671 3655 1808 3726; x_wconf 73' lang='lat' dir='ltr'>dtu5</span> <span class='ocrx_word' id='word_1_409' title='bbox 1858 3655 2146 3717; x_wconf 79' lang='lat' dir='ltr'>“mallem</span> <span class='ocrx_word' id='word_1_410' title='bbox 2175 3667 2289 3717; x_wconf 86' lang='grc' dir='ltr'>τῶν</span> <span class='ocrx_word' id='word_1_411' title='bbox 2324 3666 2626 3733; x_wconf 77' lang='grc' dir='ltr'><strong><em>συγγενῶν</em></strong></span> <span class='ocrx_word' id='word_1_412' title='bbox 2666 3654 2723 3714; x_wconf 79' lang='grc' dir='ltr'>δὲ</span> 
     </span>
     <span class='ocr_line' id='line_1_75' title="bbox 1673 3734 2725 3813; baseline 0.001 -21"><span class='ocrx_word' id='word_1_413' title='bbox 1673 3734 1864 3813; x_wconf 69' lang='grc' dir='ltr'><strong><em>δᾶκρίῗ</em></strong></span> <span class='ocrx_word' id='word_1_414' title='bbox 1917 3734 2201 3796; x_wconf 72' lang='grc' dir='ltr'><strong><em>αἷδεῖσθαι</em></strong></span> <span class='ocrx_word' id='word_1_415' title='bbox 2267 3743 2475 3813; x_wconf 81' lang='grc' dir='ltr'><strong><em>χρεὼν,</em></strong></span> <span class='ocrx_word' id='word_1_416' title='bbox 2551 3755 2725 3813; x_wconf 81' lang='lat' dir='ltr'>quam</span> 
     </span>
     <span class='ocr_line' id='line_1_76' title="bbox 1674 3813 2725 3888; baseline -0.004 -15"><span class='ocrx_word' id='word_1_417' title='bbox 1674 3824 1787 3873; x_wconf 78' lang='grc' dir='ltr'>τῶν</span> <span class='ocrx_word' id='word_1_418' title='bbox 1814 3819 2082 3888; x_wconf 81' lang='grc' dir='ltr'><strong><em>συγγενὸ</em></strong></span> <span class='ocrx_word' id='word_1_419' title='bbox 2090 3841 2120 3873; x_wconf 91' lang='grc' dir='ltr'><strong><em>ν</em></strong></span> <span class='ocrx_word' id='word_1_420' title='bbox 2140 3813 2187 3871; x_wconf 79' lang='grc' dir='ltr'>δ’</span> <span class='ocrx_word' id='word_1_421' title='bbox 2210 3814 2493 3871; x_wconf 62' lang='lat' dir='ltr'>awanam</span> <span class='ocrx_word' id='word_1_422' title='bbox 2511 3814 2725 3887; x_wconf 75' lang='grc' dir='ltr'><strong><em>δᾶκρυα</em></strong></span> 
     </span>
    </p>

    <p class='ocr_par' dir='ltr' id='par_1_7' title="bbox 1671 3888 2726 4350">
     <span class='ocr_line' id='line_1_77' title="bbox 1783 3888 2724 3969; baseline -0.004 -18"><span class='ocrx_word' id='word_1_423' title='bbox 1783 3898 1881 3962; x_wconf 75' lang='grc' dir='ltr'><strong><em>ὧν,</em></strong></span> <span class='ocrx_word' id='word_1_424' title='bbox 1894 3906 2178 3969; x_wconf 83' lang='lat' dir='ltr'>correpta,</span> <span class='ocrx_word' id='word_1_425' title='bbox 2193 3904 2257 3948; x_wconf 85' lang='lat' dir='ltr'>ut</span> <span class='ocrx_word' id='word_1_426' title='bbox 2271 3891 2376 3947; x_wconf 89' lang='lat' dir='ltr'>Ille</span> <span class='ocrx_word' id='word_1_427' title='bbox 2390 3888 2724 3968; x_wconf 73' lang='lat' dir='ltr'>[Reiskiua]</span> 
     </span>
     <span class='ocr_line' id='line_1_78' title="bbox 1677 3967 2726 4047; baseline -0.002 -18"><span class='ocrx_word' id='word_1_428' title='bbox 1677 3992 1712 4029; x_wconf 91' lang='lat' dir='ltr'>u</span> <span class='ocrx_word' id='word_1_429' title='bbox 1740 3973 1877 4029; x_wconf 84' lang='lat' dir='ltr'>tima</span> <span class='ocrx_word' id='word_1_430' title='bbox 1903 3969 2126 4047; x_wconf 69' lang='lat' dir='ltr'>syllaba</span> <span class='ocrx_word' id='word_1_431' title='bbox 2174 3969 2231 4025; x_wconf 88' lang='lat' dir='ltr'>in</span> <span class='ocrx_word' id='word_1_432' title='bbox 2281 3967 2564 4024; x_wconf 77' lang='grc' dir='ltr'><strong><em>αἰδεῖσθαι</em></strong></span> <span class='ocrx_word' id='word_1_433' title='bbox 2592 3982 2726 4027; x_wconf 85' lang='lat' dir='ltr'>ante</span> 
     </span>
     <span class='ocr_line' id='line_1_79' title="bbox 1676 4044 2721 4124; baseline -0.001 -17"><span class='ocrx_word' id='word_1_434' title='bbox 1676 4067 2020 4107; x_wconf 74' lang='lat' dir='ltr'>consonam:</span> <span class='ocrx_word' id='word_1_435' title='bbox 2065 4045 2224 4124; x_wconf 89' lang='lat' dir='ltr'>quod</span> <span class='ocrx_word' id='word_1_436' title='bbox 2251 4044 2310 4103; x_wconf 86' lang='lat' dir='ltr'>in</span> <span class='ocrx_word' id='word_1_437' title='bbox 2337 4044 2542 4104; x_wconf 85' lang='lat' dir='ltr'>lambo</span> <span class='ocrx_word' id='word_1_438' title='bbox 2570 4045 2721 4106; x_wconf 87' lang='lat' dir='ltr'>Tra-</span> 
     </span>
     <span class='ocr_line' id='line_1_80' title="bbox 1671 4125 2726 4286; baseline -0.001 -21"><span class='ocrx_word' id='word_1_439' title='bbox 1671 4127 1806 4265; x_wconf 62' lang='lat'>§.⁵:22</span> <span class='ocrx_word' id='word_1_440' title='bbox 1820 4125 2099 4263; x_wconf 58' lang='lat'>6:233.</span> <span class='ocrx_word' id='word_1_441' title='bbox 2116 4125 2726 4286; x_wconf 51' lang='lat' dir='ltr'>gzffiffdsssspssf</span> 
     </span>
     <span class='ocr_line' id='line_1_81' title="bbox 1676 4281 2725 4350; baseline 0.002 -8"><span class='ocrx_word' id='word_1_442' title='bbox 1676 4289 1839 4350; x_wconf 50' lang='lat'>2634</span> <span class='ocrx_word' id='word_1_443' title='bbox 1894 4281 2026 4343; x_wconf 81' lang='lat' dir='ltr'>haec</span> <span class='ocrx_word' id='word_1_444' title='bbox 2073 4285 2132 4343; x_wconf 91' lang='lat' dir='ltr'>in</span> <span class='ocrx_word' id='word_1_445' title='bbox 2181 4282 2434 4344; x_wconf 84' lang='lat' dir='ltr'>editione</span> <span class='ocrx_word' id='word_1_446' title='bbox 2471 4285 2725 4346; x_wconf 75' lang='lat' dir='ltr'>secunda</span> 
     </span>
    </p>
   </div>
   <div class='ocr_carea' id='block_1_6' title="bbox 1673 4367 2722 4446">
    <p class='ocr_par' dir='ltr' id='par_1_8' title="bbox 1673 4367 2722 4446">
     <span class='ocr_line' id='line_1_82' title="bbox 1673 4367 2722 4446; baseline 0.001 -21"><span class='ocrx_word' id='word_1_447' title='bbox 1673 4382 1952 4442; x_wconf 77' lang='lat' dir='ltr'>nusquam</span> <span class='ocrx_word' id='word_1_448' title='bbox 2033 4377 2368 4446; x_wconf 83' lang='lat' dir='ltr'>comparent</span> <span class='ocrx_word' id='word_1_449' title='bbox 2395 4387 2414 4436; x_wconf 90' lang='lat'>;</span> <span class='ocrx_word' id='word_1_450' title='bbox 2506 4367 2722 4426; x_wconf 77' lang='lat' dir='ltr'>utinam</span> 
     </span>
    </p>
   </div>
  </div>
 </body>
</html>
