3032 4898
906 820 1888 989 PRAErATTQ·

272 1295 404 1370 Da
476 1295 1135 1391 Miscellaneorum
1215 1300 1659 1379 Criticorum
1734 1303 2068 1379 utilitate
2135 1304 2460 1392 dicturo,

272 1444 433 1495 non
480 1422 616 1496 abs
660 1446 745 1497 re
790 1423 940 1498 erit
983 1426 1354 1523 exiguum
1382 1429 1572 1505 ‘vitae
1605 1428 2068 1504 curriculum
2100 1429 2460 1505 Dawesio

278 1554 549 1622 nostro
605 1548 898 1636 datum,
965 1559 1347 1648 quantum
1404 1552 1624 1627 mihi*
1653 1532 2132 1651 compertum
2189 1563 2331 1640 est,
2380 1562 2462 1628 et

287 1694 657 1747 summam
703 1673 877 1771 ejus
904 1673 1222 1772 ingenii
1269 1676 1630 1765 indolem,
1659 1700 1907 1774 ‘quam
1941 1682 2237 1774 potero,
2288 1679 2458 1752 bre-

282 1795 592 1871 vissime
624 1797 1099 1874 interserere.

376 1919 793 1997 Brennus
828 1923 1245 2000 DAwnsms
1284 1926 1460 2001 vico
1504 1925 1825 2024 Anglice
1859 1925 2070 2000 dicto
2103 1926 2456 2000 Market-

274 2044 678 2120 Bos-worth
720 2048 801 2122 in
851 2049 1065 2148 Agro
1122 2051 1625 2127 Leicestrensi
1681 2051 1909 2126 Anno
1971 2074 2187 2126 sacro
2221 2057 2456 2126 ·1708

275 2172 646 2247 oriundus
676 2173 941 2272 potius
974 2175 1283 2273 ingenio
1311 2201 1544 2275 quam
1566 2200 2028 2276 proavorum
2056 2185 2458 2252 stemmate

274 2296 657 2372 inclaruit.
761 2298 1035 2373 Primis
1066 2299 1343 2375 litteris
1376 2304 1524 2377 sub
1556 2303 1800 2378 tutela
1819 2303 2142 2378 Antonii
2175 2301 2456 2375 Black-

272 2422 443 2497 weu
462 2424 508 2513 ¹,
564 2422 911 2522 magistri
954 2421 1223 2515 fidelis,
1274 2424 1809 2510 imbuebatur:
1859 2427 1994 2502 sed
2024 2427 2124 2501 ad
2170 2423 2466 2520 majora

268 2548 519 2623 indies
549 2550 823 2623 enixus
857 2573 1059 2624 anno
1091 2555 1313 2626 1725.
1368 2550 1690 2624 culturae
1723 2570 1994 2621 caussa
2030 2546 2463 2644 Collegium

276 2673 829 2750 Emanuelense
864 2676 1071 2774 apud
1104 2672 1775 2771 Cantabrigienses
1808 2672 2232 2746 Dawesz‘um
2259 2671 2464 2747 inter

279 2797 621 2874 alumnos
666 2823 877 2875 suos·
903 2808 1386 2899 cooptarunt.
1489 2797 1718 2872 Anno
1780 2802 1998 2886 1727,
2078 2795 2460 2895 Idyllium,

273 2924 481 3021 quod
542 2923 743 2999 inter
792 2934 839 2966 “
871 2925 1305 3000 Academiae
1359 2920 2008 3019 Cantabrigiensis
2043 2921 2335 2996 Luctus
2367 2921 2459 2996 ob

269 3048 537 3122 obitam»
580 3049 1117 3148 Augu-§tissimi
1167 3046 1448 3147 Regis,
1515 3045 1835 3144 Georgii
1891 3046 1953 3120 I.
2019 3055 2097 3120 et
2123 3079 2130 3086 ·
2159 3046 2461 3122 Gaudia

268 3173 357 3248 ob
389 3200 762 3250 accessum
797 3174 1113 3274 Georgii
1149 3174 1294 3248 113⁹
1341 3173 1813 3259 adservatur,
1859 3169 2172 3269 juvenis
2206 3171 2460 3246 adhue

269 3299 461 3375 scite
506 3309 586 3376 et
634 3302 1034 3376 commode
1086 3298 1516 3399 compegit3
1571 3298 1702 3373 sin.
1722 3297 2205 3373 volventibus
2241 3297 2460 3371 annis

270 3423 654 3524 quispiam
687 3449 732 3500 e
767 3424 1162 3525 discipulis
1194 3425 1363 3523 ejus
1397 3422 1860 3500 vocabulum
1893 3425 2132 3505 λῖἴπης
2173 3422 2286 3496 ita
2332 3421 2462 3496 de-

272 3558 665 3624 curtatum
731 3559 1199 3649 usurpasset,
1274 3552 1419 3626 sub
1502 3548 1748 3622 ferula
1815 3544 2089 3620 Orbilii
2155 3545 2458 3645 plagosi

276 3681 483 3747 certe
535 3675 1015 3773 trepidasset.
1128 3676 1363 3763 Quom
1404 3675 1575 3772 ipso
1629 3670 1988 3746 audiente
2042 3669 2305 3746 librum
2355 3671 2460 3747 le-

266 3823 522 3897 geres,
572 3800 644 3873 si
698 3824 914 3875 unam
930 3800 1403 3899 peccavisses
1430 3796 1835 3895 syllabam,
1883 3798 2147 3872 Fieret
2179 3798 2458 3873 corium

270 3932 421 3997 tam
464 3923 929 4012 maculosum,
989 3950 1235 4024 quamae
1253 3934 1383 3999 est·
1413 3924 1728 4000 nutricis
1787 3924 2123 4023 pallium.
2226 3924 2457 3998 Hunc

271 4046 612 4123 Dawesii
684 4049 991 4149 lapsum
1047 4049 1323 4147 quovis
1388 4050 1642 4150 pretio
1723 4049 1868 4125 sibi
1948 4056 2490 4125 monstratum·

224 4163 705 4272 ”optavisset
750 4174 1096 4275 Toupius.
1200 4174 1396 4250 Vide
1430 4177 1636 4273 App.
1671 4199 1750 4275 p.
1788 4181 1959 4250 618.
1987 4201 2062 4250 n.
2107 4181 2169 4249 1.
2261 4203 2266 4210 ·

358 4377 419 4431 1.
458 4372 617 4434 Vide
674 4375 923 4438 Carlisle
971 4398 1043 4438 on
1088 4376 1346 4438 endowecl
1394 4379 1697 4438 Grammar
1758 4374 2004 4444 SchooI3‚
2067 4372 2200 4432 Vol.
2248 4393 2312 4431 11.
2360 4393 2460 4452 pp.

274 4480 623 4538 752-766.

1362 4584 1406 4632 a
