<?xml version="1.0" encoding="UTF-8"?>
<!DOCTYPE html PUBLIC "-//W3C//DTD XHTML 1.0 Transitional//EN"
    "http://www.w3.org/TR/xhtml1/DTD/xhtml1-transitional.dtd">
<html xmlns="http://www.w3.org/1999/xhtml" xml:lang="en" lang="en">
 <head>
  <title>
</title>
<meta http-equiv="Content-Type" content="text/html;charset=utf-8" />
  <meta name='ocr-system' content='tesseract 3.04.00' />
  <meta name='ocr-capabilities' content='ocr_page ocr_carea ocr_par ocr_line ocrx_word'/>
</head>
<body>
  <div class='ocr_page' id='page_1' title='image "./ricardidawesiim02kiddgoog_0489.png"; bbox 0 0 3032 4898; ppageno 0'>
   <div class='ocr_carea' id='block_1_1' title="bbox 1486 436 1634 504">
    <p class='ocr_par' dir='ltr' id='par_1_1' title="bbox 1486 436 1634 504">
     <span class='ocr_line' id='line_1_1' title="bbox 1486 436 1634 504; baseline -0.007 0"><span class='ocrx_word' id='word_1_1' title='bbox 1486 436 1634 504; x_wconf 81' lang='lat'><strong>388</strong></span> 
     </span>
    </p>
   </div>
   <div class='ocr_carea' id='block_1_2' title="bbox 268 630 2294 758">
    <p class='ocr_par' dir='ltr' id='par_1_2' title="bbox 268 630 2294 758">
     <span class='ocr_line' id='line_1_2' title="bbox 268 630 2294 758; baseline -0.004 -54"><span class='ocrx_word' id='word_1_2' title='bbox 268 643 447 758; x_wconf 56' lang='lat'><strong>⁵882</strong></span> <span class='ocrx_word' id='word_1_3' title='bbox 563 633 609 669; x_wconf 87' lang='lat'><strong>¹¹</strong></span> <span class='ocrx_word' id='word_1_4' title='bbox 666 635 983 704; x_wconf 84' lang='grc' dir='ltr'><strong>ΠΟΘΕΝ</strong></span> <span class='ocrx_word' id='word_1_5' title='bbox 1023 635 1143 702; x_wconf 86' lang='lat' dir='ltr'><strong>AN</strong></span> <span class='ocrx_word' id='word_1_6' title='bbox 1183 633 1582 702; x_wconf 86' lang='lat' dir='ltr'>AABOIMI</span> <span class='ocrx_word' id='word_1_7' title='bbox 1605 630 1776 725; x_wconf 77' lang='grc' dir='ltr'><strong>ῥὴμά</strong></span> <span class='ocrx_word' id='word_1_8' title='bbox 1803 643 2294 725; x_wconf 76' lang='grc' dir='ltr'>μυριαμφορον;</span> 
     </span>
    </p>
   </div>
   <div class='ocr_carea' id='block_1_3' title="bbox 323 744 2741 3430">
    <p class='ocr_par' dir='ltr' id='par_1_3' title="bbox 323 744 2715 1845">
     <span class='ocr_line' id='line_1_3' title="bbox 385 744 2702 854; baseline -0.007 -20"><span class='ocrx_word' id='word_1_9' title='bbox 385 744 398 757; x_wconf 71' lang='grc'><strong><em>’</em></strong></span> <span class='ocrx_word' id='word_1_10' title='bbox 496 760 539 802; x_wconf 72' lang='lat'><strong>¹*</strong></span> <span class='ocrx_word' id='word_1_11' title='bbox 591 756 735 832; x_wconf 88' lang='lat' dir='ltr'><strong>His</strong></span> <span class='ocrx_word' id='word_1_12' title='bbox 768 756 847 830; x_wconf 91' lang='lat' dir='ltr'><strong>in</strong></span> <span class='ocrx_word' id='word_1_13' title='bbox 882 755 1246 854; x_wconf 87' lang='lat' dir='ltr'><strong>exemplis</strong></span> <span class='ocrx_word' id='word_1_14' title='bbox 1296 756 1361 830; x_wconf 91' lang='lat' dir='ltr'><strong>si</strong></span> <span class='ocrx_word' id='word_1_15' title='bbox 1415 755 1538 829; x_wconf 88' lang='lat' dir='ltr'><strong>vel</strong></span> <span class='ocrx_word' id='word_1_16' title='bbox 1592 754 1834 829; x_wconf 87' lang='lat' dir='ltr'><strong>forma</strong></span> <span class='ocrx_word' id='word_1_17' title='bbox 1866 752 2217 851; x_wconf 84' lang='lat' dir='ltr'><strong>optativa</strong></span> <span class='ocrx_word' id='word_1_18' title='bbox 2247 767 2531 848; x_wconf 75' lang='grc' dir='ltr'><strong>φυγοιμι,</strong></span> <span class='ocrx_word' id='word_1_19' title='bbox 2580 779 2702 819; x_wconf 79' lang='grc' dir='ltr'><strong>πο-</strong></span> 
     </span>
     <span class='ocr_line' id='line_1_4' title="bbox 323 851 2709 957; baseline -0.006 -25"><span class='ocrx_word' id='word_1_20' title='bbox 323 862 471 932; x_wconf 80' lang='lat'><strong>208</strong></span> <span class='ocrx_word' id='word_1_21' title='bbox 498 860 802 956; x_wconf 75' lang='grc' dir='ltr'>ρευθειην,</span> <span class='ocrx_word' id='word_1_22' title='bbox 854 874 1195 957; x_wconf 79' lang='grc' dir='ltr'>φευγοιμι;</span> <span class='ocrx_word' id='word_1_23' title='bbox 1249 855 1374 931; x_wconf 80' lang='lat' dir='ltr'><strong>vel</strong></span> <span class='ocrx_word' id='word_1_24' title='bbox 1413 851 1904 951; x_wconf 76' lang='lat' dir='ltr'><strong>subjunctiva</strong></span> <span class='ocrx_word' id='word_1_25' title='bbox 1953 883 2292 949; x_wconf 74' lang='grc' dir='ltr'><strong><em>τραπηται,</em></strong></span> <span class='ocrx_word' id='word_1_26' title='bbox 2342 881 2541 944; x_wconf 68' lang='lat' dir='ltr'><strong><em>away,</em></strong></span> <span class='ocrx_word' id='word_1_27' title='bbox 2594 879 2709 918; x_wconf 76' lang='grc' dir='ltr'><strong>κα-</strong></span> 
     </span>
     <span class='ocr_line' id='line_1_5' title="bbox 501 945 2710 1055; baseline -0.004 -28"><span class='ocrx_word' id='word_1_28' title='bbox 501 960 723 1051; x_wconf 70' lang='grc' dir='ltr'>λεσῃς,</span> <span class='ocrx_word' id='word_1_29' title='bbox 777 957 957 1053; x_wconf 65' lang='grc' dir='ltr'>ὃυνῃ,</span> <span class='ocrx_word' id='word_1_30' title='bbox 1026 990 1308 1055; x_wconf 78' lang='grc' dir='ltr'><strong><em>γενηται,</em></strong></span> <span class='ocrx_word' id='word_1_31' title='bbox 1385 955 1583 1048; x_wconf 82' lang='grc' dir='ltr'>λαβω</span> <span class='ocrx_word' id='word_1_32' title='bbox 1642 952 1974 1028; x_wconf 75' lang='lat' dir='ltr'><strong>Scribere</strong></span> <span class='ocrx_word' id='word_1_33' title='bbox 2031 946 2531 1024; x_wconf 74' lang='lat' dir='ltr'><strong>sustinueris:</strong></span> <span class='ocrx_word' id='word_1_34' title='bbox 2611 945 2710 1019; x_wconf 78' lang='lat' dir='ltr'><strong>de</strong></span> 
     </span>
     <span class='ocr_line' id='line_1_6' title="bbox 501 1047 2709 1151; baseline -0.005 -22"><span class='ocrx_word' id='word_1_35' title='bbox 501 1054 867 1129; x_wconf 87' lang='lat' dir='ltr'><strong>sermonis</strong></span> <span class='ocrx_word' id='word_1_36' title='bbox 923 1079 1077 1130; x_wconf 90' lang='lat' dir='ltr'><strong>non</strong></span> <span class='ocrx_word' id='word_1_37' title='bbox 1144 1055 1395 1129; x_wconf 89' lang='lat' dir='ltr'><strong>minus</strong></span> <span class='ocrx_word' id='word_1_38' title='bbox 1462 1076 1692 1151; x_wconf 86' lang='lat' dir='ltr'><strong>quam</strong></span> <span class='ocrx_word' id='word_1_39' title='bbox 1759 1049 1982 1125; x_wconf 87' lang='lat' dir='ltr'><strong>metri</strong></span> <span class='ocrx_word' id='word_1_40' title='bbox 2032 1047 2474 1146; x_wconf 83' lang='lat' dir='ltr'><strong>integritate</strong></span> <span class='ocrx_word' id='word_1_41' title='bbox 2531 1067 2709 1119; x_wconf 85' lang='lat' dir='ltr'><strong>con-</strong></span> 
     </span>
     <span class='ocr_line' id='line_1_7' title="bbox 500 1150 2710 1246; baseline -0.005 -18"><span class='ocrx_word' id='word_1_42' title='bbox 500 1153 906 1228; x_wconf 84' lang='lat' dir='ltr'><strong>clamatum</strong></span> <span class='ocrx_word' id='word_1_43' title='bbox 965 1154 1137 1228; x_wconf 87' lang='lat' dir='ltr'><strong>erit.</strong></span> <span class='ocrx_word' id='word_1_44' title='bbox 1274 1154 1527 1228; x_wconf 85' lang='lat' dir='ltr'><strong>Locus</strong></span> <span class='ocrx_word' id='word_1_45' title='bbox 1580 1160 1861 1237; x_wconf 86' lang='lat' dir='ltr'><strong>autem,</strong></span> <span class='ocrx_word' id='word_1_46' title='bbox 1944 1150 2024 1222; x_wconf 90' lang='lat' dir='ltr'><strong>in</strong></span> <span class='ocrx_word' id='word_1_47' title='bbox 2089 1171 2242 1246; x_wconf 91' lang='lat' dir='ltr'><strong>quo</strong></span> <span class='ocrx_word' id='word_1_48' title='bbox 2292 1167 2710 1230; x_wconf 82' lang='lat' dir='ltr'>versamur,</span> 
     </span>
     <span class='ocr_line' id='line_1_8' title="bbox 502 1246 2710 1352; baseline -0.001 -26"><span class='ocrx_word' id='word_1_49' title='bbox 502 1253 866 1327; x_wconf 82' lang='lat' dir='ltr'><strong>utramvis</strong></span> <span class='ocrx_word' id='word_1_50' title='bbox 900 1252 1254 1352; x_wconf 86' lang='lat' dir='ltr'><strong>syntaxin</strong></span> <span class='ocrx_word' id='word_1_51' title='bbox 1300 1275 1452 1326; x_wconf 89' lang='lat' dir='ltr'><strong>non</strong></span> <span class='ocrx_word' id='word_1_52' title='bbox 1499 1249 1978 1325; x_wconf 85' lang='lat' dir='ltr'><strong>incommode</strong></span> <span class='ocrx_word' id='word_1_53' title='bbox 2033 1246 2394 1346; x_wconf 84' lang='lat' dir='ltr'>recipiet:</span> <span class='ocrx_word' id='word_1_54' title='bbox 2451 1277 2563 1318; x_wconf 80' lang='grc' dir='ltr'><strong>ποι</strong></span> <span class='ocrx_word' id='word_1_55' title='bbox 2612 1276 2710 1323; x_wconf 74' lang='grc' dir='ltr'><strong>τις</strong></span> 
     </span>
     <span class='ocr_line' id='line_1_9' title="bbox 504 1349 2711 1455; baseline -0.004 -32"><span class='ocrx_word' id='word_1_56' title='bbox 504 1370 723 1451; x_wconf 66' lang='grc' dir='ltr'><strong><em>φυγῃς</em></strong></span> <span class='ocrx_word' id='word_1_57' title='bbox 801 1352 924 1425; x_wconf 84' lang='lat' dir='ltr'><strong>Vel</strong></span> <span class='ocrx_word' id='word_1_58' title='bbox 975 1386 1024 1425; x_wconf 81' lang='grc' dir='ltr'><strong>π</strong></span> <span class='ocrx_word' id='word_1_59' title='bbox 1069 1386 1152 1425; x_wconf 84' lang='grc' dir='ltr'><strong>αν</strong></span> <span class='ocrx_word' id='word_1_60' title='bbox 1209 1384 1306 1434; x_wconf 76' lang='grc' dir='ltr'><strong>τις</strong></span> <span class='ocrx_word' id='word_1_61' title='bbox 1370 1369 1608 1455; x_wconf 79' lang='grc' dir='ltr'>φυγοι;</span> <span class='ocrx_word' id='word_1_62' title='bbox 1693 1349 1769 1422; x_wconf 85' lang='lat' dir='ltr'><strong>h.</strong></span> <span class='ocrx_word' id='word_1_63' title='bbox 1811 1372 1875 1423; x_wconf 83' lang='lat' dir='ltr'><strong>e.</strong></span> <span class='ocrx_word' id='word_1_64' title='bbox 1940 1381 2050 1421; x_wconf 73' lang='grc' dir='ltr'><strong>ποι</strong></span> <span class='ocrx_word' id='word_1_65' title='bbox 2110 1380 2216 1433; x_wconf 82' lang='grc' dir='ltr'><strong>αν,</strong></span> <span class='ocrx_word' id='word_1_66' title='bbox 2281 1366 2437 1418; x_wconf 86' lang='lat' dir='ltr'><strong>non</strong></span> <span class='ocrx_word' id='word_1_67' title='bbox 2492 1364 2711 1417; x_wconf 82' lang='lat' dir='ltr'><strong>secus</strong></span> 
     </span>
     <span class='ocr_line' id='line_1_10' title="bbox 502 1443 2712 1548; baseline -0.006 -23"><span class='ocrx_word' id='word_1_68' title='bbox 502 1459 733 1546; x_wconf 90' lang='lat' dir='ltr'><strong>atque</strong></span> <span class='ocrx_word' id='word_1_69' title='bbox 765 1472 904 1548; x_wconf 94' lang='lat' dir='ltr'><strong>pro</strong></span> <span class='ocrx_word' id='word_1_70' title='bbox 936 1484 1148 1539; x_wconf 75' lang='grc' dir='ltr'>μεντοι</span> <span class='ocrx_word' id='word_1_71' title='bbox 1197 1484 1276 1523; x_wconf 78' lang='grc' dir='ltr'><strong>αν</strong></span> <span class='ocrx_word' id='word_1_72' title='bbox 1310 1448 1750 1524; x_wconf 89' lang='lat' dir='ltr'><strong>solemniter</strong></span> <span class='ocrx_word' id='word_1_73' title='bbox 1782 1448 2153 1545; x_wconf 85' lang='lat' dir='ltr'><strong>scriptum</strong></span> <span class='ocrx_word' id='word_1_74' title='bbox 2192 1443 2517 1541; x_wconf 86' lang='lat' dir='ltr'><strong>legimus</strong></span> <span class='ocrx_word' id='word_1_75' title='bbox 2559 1474 2712 1534; x_wconf 75' lang='grc' dir='ltr'><strong><em>μεντ</em></strong></span> 
     </span>
     <span class='ocr_line' id='line_1_11' title="bbox 503 1541 2714 1644; baseline -0.004 -23"><span class='ocrx_word' id='word_1_76' title='bbox 503 1582 585 1621; x_wconf 74' lang='grc' dir='ltr'><strong>αν</strong></span> <span class='ocrx_word' id='word_1_77' title='bbox 606 1552 678 1623; x_wconf 82' lang='lat'><strong>²².</strong></span> <span class='ocrx_word' id='word_1_78' title='bbox 786 1549 1003 1623; x_wconf 91' lang='lat' dir='ltr'><strong>Illam</strong></span> <span class='ocrx_word' id='word_1_79' title='bbox 1054 1572 1239 1624; x_wconf 83' lang='lat' dir='ltr'><strong>vero</strong></span> <span class='ocrx_word' id='word_1_80' title='bbox 1297 1550 1800 1624; x_wconf 81' lang='lat' dir='ltr'><strong>mutationem</strong></span> <span class='ocrx_word' id='word_1_81' title='bbox 1851 1556 2120 1644; x_wconf 84' lang='lat' dir='ltr'><strong>utpote</strong></span> <span class='ocrx_word' id='word_1_82' title='bbox 2179 1541 2714 1641; x_wconf 80' lang='lat' dir='ltr'><strong>simpliciorem</strong></span> 
     </span>
     <span class='ocr_line' id='line_1_12' title="bbox 501 1640 2714 1746; baseline -0.004 -25"><span class='ocrx_word' id='word_1_83' title='bbox 501 1648 987 1746; x_wconf 83' lang='lat' dir='ltr'><strong>praetulerim.</strong></span> <span class='ocrx_word' id='word_1_84' title='bbox 1117 1649 1502 1722; x_wconf 82' lang='lat' dir='ltr'><strong>Caeterum</strong></span> <span class='ocrx_word' id='word_1_85' title='bbox 1562 1648 1658 1722; x_wconf 89' lang='lat' dir='ltr'><strong>ad</strong></span> <span class='ocrx_word' id='word_1_86' title='bbox 1716 1648 1913 1720; x_wconf 90' lang='lat' dir='ltr'><strong>Plut.</strong></span> <span class='ocrx_word' id='word_1_87' title='bbox 1975 1649 2151 1719; x_wconf 80' lang='lat'><strong>374.</strong></span> <span class='ocrx_word' id='word_1_88' title='bbox 2228 1640 2714 1717; x_wconf 85' lang='lat' dir='ltr'><strong>doctissimus</strong></span> 
     </span>
     <span class='ocr_line' id='line_1_13' title="bbox 505 1746 2715 1845; baseline -0.005 -24"><span class='ocrx_word' id='word_1_89' title='bbox 505 1746 1156 1822; x_wconf 76' lang='lat' dir='ltr'><strong>Hemsterhuisius</strong></span> <span class='ocrx_word' id='word_1_90' title='bbox 1194 1756 1245 1789; x_wconf 86' lang='lat'><strong>“</strong></span> <span class='ocrx_word' id='word_1_91' title='bbox 1270 1748 1356 1820; x_wconf 87' lang='lat' dir='ltr'><strong>C.</strong></span> <span class='ocrx_word' id='word_1_92' title='bbox 1387 1746 2023 1845; x_wconf 54' lang='lat' dir='ltr'><strong>D&#39;Oe-Hpaxkenc</strong></span> <span class='ocrx_word' id='word_1_93' title='bbox 2044 1762 2187 1842; x_wconf 73' lang='grc' dir='ltr'><strong>φερε</strong></span> <span class='ocrx_word' id='word_1_94' title='bbox 2219 1774 2334 1816; x_wconf 79' lang='grc' dir='ltr'><strong>ποι</strong></span> <span class='ocrx_word' id='word_1_95' title='bbox 2359 1774 2459 1823; x_wconf 80' lang='grc' dir='ltr'><strong>τις</strong></span> <span class='ocrx_word' id='word_1_96' title='bbox 2491 1772 2567 1838; x_wconf 83' lang='grc' dir='ltr'><strong>γε</strong></span> <span class='ocrx_word' id='word_1_97' title='bbox 2601 1772 2715 1811; x_wconf 80' lang='grc' dir='ltr'><strong>ουν</strong></span> 
     </span>
    </p>

    <p class='ocr_par' dir='ltr' id='par_1_4' title="bbox 503 1836 2718 1943">
     <span class='ocr_line' id='line_1_14' title="bbox 503 1836 2718 1943; baseline -0.003 -26"><span class='ocrx_word' id='word_1_98' title='bbox 503 1855 553 1888; x_wconf 86' lang='grc'><strong>“</strong></span> <span class='ocrx_word' id='word_1_99' title='bbox 591 1844 1410 1943; x_wconf 70' lang='grc' dir='ltr'><strong>Τραποιτο-Νἱωίτυω</strong></span> <span class='ocrx_word' id='word_1_100' title='bbox 1457 1846 1713 1921; x_wconf 81' lang='lat' dir='ltr'><strong>versui</strong></span> <span class='ocrx_word' id='word_1_101' title='bbox 1761 1843 2353 1919; x_wconf 86' lang='lat' dir='ltr'><strong>succurrendum</strong></span> <span class='ocrx_word' id='word_1_102' title='bbox 2406 1838 2558 1913; x_wconf 90' lang='lat' dir='ltr'><strong>fuit</strong></span> <span class='ocrx_word' id='word_1_103' title='bbox 2609 1836 2718 1911; x_wconf 89' lang='lat' dir='ltr'><strong>in-</strong></span> 
     </span>
    </p>

    <p class='ocr_par' dir='ltr' id='par_1_5' title="bbox 513 1938 2717 2042">
     <span class='ocr_line' id='line_1_15' title="bbox 513 1938 2717 2042; baseline -0.004 -25"><span class='ocrx_word' id='word_1_104' title='bbox 513 1954 563 1984; x_wconf 86' lang='lat'><strong>“</strong></span> <span class='ocrx_word' id='word_1_105' title='bbox 597 1953 801 2018; x_wconf 89' lang='lat' dir='ltr'><strong>serto</strong></span> <span class='ocrx_word' id='word_1_106' title='bbox 857 1978 956 2042; x_wconf 79' lang='grc' dir='ltr'><strong>γε,</strong></span> <span class='ocrx_word' id='word_1_107' title='bbox 1006 1948 1437 2042; x_wconf 78' lang='lat' dir='ltr'><strong>postquam&#39;</strong></span> <span class='ocrx_word' id='word_1_108' title='bbox 1463 1945 1828 2018; x_wconf 86' lang='lat' dir='ltr'><strong>omissum</strong></span> <span class='ocrx_word' id='word_1_109' title='bbox 1881 1951 2044 2019; x_wconf 89' lang='lat' dir='ltr'><strong>erat</strong></span> <span class='ocrx_word' id='word_1_110' title='bbox 2099 1964 2174 2013; x_wconf 88' lang='grc' dir='ltr'><strong>ω·</strong></span> <span class='ocrx_word' id='word_1_111' title='bbox 2227 1938 2576 2037; x_wconf 84' lang='lat' dir='ltr'><strong>quamvis</strong></span> <span class='ocrx_word' id='word_1_112' title='bbox 2639 1970 2717 2035; x_wconf 80' lang='grc' dir='ltr'><strong>γε</strong></span> 
     </span>
    </p>

    <p class='ocr_par' dir='ltr' id='par_1_6' title="bbox 512 2037 2720 2140">
     <span class='ocr_line' id='line_1_16' title="bbox 512 2037 2720 2140; baseline -0.002 -25"><span class='ocrx_word' id='word_1_113' title='bbox 512 2052 563 2082; x_wconf 85' lang='grc'><strong>“</strong></span> <span class='ocrx_word' id='word_1_114' title='bbox 600 2052 967 2137; x_wconf 87' lang='lat' dir='ltr'><strong>sequente</strong></span> <span class='ocrx_word' id='word_1_115' title='bbox 1042 2043 1117 2115; x_wconf 90' lang='lat' dir='ltr'><strong>di</strong></span> <span class='ocrx_word' id='word_1_116' title='bbox 1173 2041 1524 2140; x_wconf 86' lang='lat' dir='ltr'><strong>hthongo</strong></span> <span class='ocrx_word' id='word_1_117' title='bbox 1584 2042 1916 2117; x_wconf 88' lang='lat' dir='ltr'><strong>elisionis</strong></span> <span class='ocrx_word' id='word_1_118' title='bbox 1975 2062 2246 2138; x_wconf 82' lang='lat' dir='ltr'><strong>expers</strong></span> <span class='ocrx_word' id='word_1_119' title='bbox 2313 2037 2720 2112; x_wconf 75' lang='lat' dir='ltr'><strong>rarioribus</strong></span> 
     </span>
    </p>

    <p class='ocr_par' dir='ltr' id='par_1_7' title="bbox 511 2066 2720 2239">
     <span class='ocr_line' id='line_1_17' title="bbox 511 2066 2720 2239; baseline -0.002 -25"><span class='ocrx_word' id='word_1_120' title='bbox 511 2147 556 2183; x_wconf 75' lang='lat'><strong>‘⁸</strong></span> <span class='ocrx_word' id='word_1_121' title='bbox 589 2139 957 2237; x_wconf 85' lang='lat' dir='ltr'><strong>exemplis</strong></span> <span class='ocrx_word' id='word_1_122' title='bbox 1013 2066 1316 2215; x_wconf 50' lang='lat' dir='ltr'><strong>degendi</strong></span> <span class='ocrx_word' id='word_1_123' title='bbox 1373 2142 1645 2239; x_wconf 87' lang='lat' dir='ltr'><strong>possit,</strong></span> <span class='ocrx_word' id='word_1_124' title='bbox 1709 2140 2179 2239; x_wconf 89' lang='lat' dir='ltr'><strong>repudianda</strong></span> <span class='ocrx_word' id='word_1_125' title='bbox 2244 2147 2500 2213; x_wconf 90' lang='lat' dir='ltr'><strong>tamen</strong></span> <span class='ocrx_word' id='word_1_126' title='bbox 2568 2158 2720 2210; x_wconf 90' lang='lat' dir='ltr'><strong>non</strong></span> 
     </span>
    </p>

    <p class='ocr_par' dir='ltr' id='par_1_8' title="bbox 512 2236 2726 2338">
     <span class='ocr_line' id='line_1_18' title="bbox 512 2236 2726 2338; baseline -0.002 -25"><span class='ocrx_word' id='word_1_127' title='bbox 512 2249 560 2280; x_wconf 90' lang='lat'><strong>“</strong></span> <span class='ocrx_word' id='word_1_128' title='bbox 592 2239 994 2313; x_wconf 85' lang='lat' dir='ltr'><strong>videbatur</strong></span> <span class='ocrx_word' id='word_1_129' title='bbox 1047 2239 1280 2315; x_wconf 85' lang='lat' dir='ltr'><strong>lectio</strong></span> <span class='ocrx_word' id='word_1_130' title='bbox 1344 2239 1701 2338; x_wconf 85' lang='lat' dir='ltr'><strong>vulgata:</strong></span> <span class='ocrx_word' id='word_1_131' title='bbox 1754 2241 1836 2313; x_wconf 92' lang='lat' dir='ltr'><strong>in</strong></span> <span class='ocrx_word' id='word_1_132' title='bbox 1894 2262 2047 2336; x_wconf 92' lang='lat' dir='ltr'><strong>qua</strong></span> <span class='ocrx_word' id='word_1_133' title='bbox 2095 2239 2282 2335; x_wconf 89' lang='lat' dir='ltr'><strong>quid</strong></span> <span class='ocrx_word' id='word_1_134' title='bbox 2313 2236 2726 2312; x_wconf 68' lang='lat' dir='ltr'><strong>Kusteaem</strong></span> 
     </span>
    </p>

    <p class='ocr_par' dir='ltr' id='par_1_9' title="bbox 507 2333 2725 2436">
     <span class='ocr_line' id='line_1_19' title="bbox 507 2333 2725 2436; baseline -0.001 -25"><span class='ocrx_word' id='word_1_135' title='bbox 507 2348 554 2381; x_wconf 89' lang='lat'><strong>“</strong></span> <span class='ocrx_word' id='word_1_136' title='bbox 587 2338 1000 2436; x_wconf 89' lang='lat' dir='ltr'><strong>impulerit,</strong></span> <span class='ocrx_word' id='word_1_137' title='bbox 1056 2349 1144 2413; x_wconf 92' lang='lat' dir='ltr'><strong>ut</strong></span> <span class='ocrx_word' id='word_1_138' title='bbox 1201 2362 1342 2436; x_wconf 92' lang='lat' dir='ltr'><strong>pro</strong></span> <span class='ocrx_word' id='word_1_139' title='bbox 1377 2372 1495 2412; x_wconf 81' lang='grc' dir='ltr'><strong>ουν</strong></span> <span class='ocrx_word' id='word_1_140' title='bbox 1532 2339 1926 2414; x_wconf 84' lang='lat' dir='ltr'><strong>exhiberet</strong></span> <span class='ocrx_word' id='word_1_141' title='bbox 1970 2372 2077 2426; x_wconf 75' lang='grc' dir='ltr'><strong>«ιν,</strong></span> <span class='ocrx_word' id='word_1_142' title='bbox 2127 2336 2334 2411; x_wconf 91' lang='lat' dir='ltr'><strong>haud</strong></span> <span class='ocrx_word' id='word_1_143' title='bbox 2368 2333 2725 2433; x_wconf 90' lang='lat' dir='ltr'><strong>equidem</strong></span> 
     </span>
    </p>

    <p class='ocr_par' dir='ltr' id='par_1_10' title="bbox 508 2434 2726 2538">
     <span class='ocr_line' id='line_1_20' title="bbox 508 2434 2726 2538; baseline -0.001 -25"><span class='ocrx_word' id='word_1_144' title='bbox 508 2447 559 2481; x_wconf 88' lang='lat'><strong>“</strong></span> <span class='ocrx_word' id='word_1_145' title='bbox 593 2438 1027 2535; x_wconf 85' lang='lat' dir='ltr'><strong>adsequor.”</strong></span> <span class='ocrx_word' id='word_1_146' title='bbox 1079 2437 1388 2513; x_wconf 86' lang='lat' dir='ltr'><strong>Codicis</strong></span> <span class='ocrx_word' id='word_1_147' title='bbox 1416 2438 1653 2514; x_wconf 84' lang='lat' dir='ltr'><strong>Orvil.</strong></span> <span class='ocrx_word' id='word_1_148' title='bbox 1690 2438 1947 2526; x_wconf 85' lang='lat' dir='ltr'><strong>lectio,</strong></span> <span class='ocrx_word' id='word_1_149' title='bbox 1977 2446 2480 2538; x_wconf 80' lang='lat' dir='ltr'><strong>praeterquam</strong></span> <span class='ocrx_word' id='word_1_150' title='bbox 2513 2434 2726 2532; x_wconf 89' lang='lat' dir='ltr'><strong>quod</strong></span> 
     </span>
    </p>

    <p class='ocr_par' dir='ltr' id='par_1_11' title="bbox 339 2534 2741 3430">
     <span class='ocr_line' id='line_1_21' title="bbox 510 2534 2727 2638; baseline -0 -27"><span class='ocrx_word' id='word_1_151' title='bbox 510 2569 588 2638; x_wconf 64' lang='grc' dir='ltr'><strong>γε</strong></span> <span class='ocrx_word' id='word_1_152' title='bbox 654 2547 1019 2635; x_wconf 90' lang='lat' dir='ltr'><strong>sequente</strong></span> <span class='ocrx_word' id='word_1_153' title='bbox 1073 2539 1318 2613; x_wconf 84' lang='lat' dir='ltr'><strong>vocali</strong></span> <span class='ocrx_word' id='word_1_154' title='bbox 1377 2539 1772 2615; x_wconf 86' lang='lat' dir='ltr'><strong>elisionem</strong></span> <span class='ocrx_word' id='word_1_155' title='bbox 1844 2561 2001 2613; x_wconf 89' lang='lat' dir='ltr'><strong>non</strong></span> <span class='ocrx_word' id='word_1_156' title='bbox 2056 2537 2414 2637; x_wconf 85' lang='lat' dir='ltr'><strong>patiatur,</strong></span> <span class='ocrx_word' id='word_1_157' title='bbox 2484 2534 2727 2610; x_wconf 88' lang='lat' dir='ltr'><strong>altero</strong></span> 
     </span>
     <span class='ocr_line' id='line_1_22' title="bbox 514 2635 2727 2739; baseline -0.001 -28"><span class='ocrx_word' id='word_1_158' title='bbox 514 2639 820 2712; x_wconf 91' lang='lat' dir='ltr'><strong>nomine</strong></span> <span class='ocrx_word' id='word_1_159' title='bbox 846 2638 1264 2737; x_wconf 86' lang='lat' dir='ltr'><strong>depravata</strong></span> <span class='ocrx_word' id='word_1_160' title='bbox 1297 2648 1440 2726; x_wconf 89' lang='lat' dir='ltr'><strong>est,</strong></span> <span class='ocrx_word' id='word_1_161' title='bbox 1498 2639 1708 2737; x_wconf 89' lang='lat' dir='ltr'><strong>quod</strong></span> <span class='ocrx_word' id='word_1_162' title='bbox 1741 2641 2082 2739; x_wconf 74' lang='grc' dir='ltr'><strong>Ηρακλεις</strong></span> <span class='ocrx_word' id='word_1_163' title='bbox 2101 2637 2155 2675; x_wconf 80' lang='lat'><strong>⁵³</strong></span> <span class='ocrx_word' id='word_1_164' title='bbox 2196 2635 2526 2710; x_wconf 89' lang='lat' dir='ltr'><strong>mediam</strong></span> <span class='ocrx_word' id='word_1_165' title='bbox 2552 2655 2727 2732; x_wconf 87' lang='lat' dir='ltr'><strong>pro·</strong></span> 
     </span>
     <span class='ocr_line' id='line_1_23' title="bbox 514 2733 2725 2837; baseline -0.001 -27"><span class='ocrx_word' id='word_1_166' title='bbox 514 2739 795 2823; x_wconf 86' lang='lat' dir='ltr'><strong>ducat;</strong></span> <span class='ocrx_word' id='word_1_167' title='bbox 850 2746 1083 2834; x_wconf 87' lang='lat' dir='ltr'><strong>atque</strong></span> <span class='ocrx_word' id='word_1_168' title='bbox 1117 2737 1431 2837; x_wconf 87' lang='lat' dir='ltr'><strong>insuper</strong></span> <span class='ocrx_word' id='word_1_169' title='bbox 1477 2738 1737 2827; x_wconf 86' lang='lat' dir='ltr'><strong>tertio,</strong></span> <span class='ocrx_word' id='word_1_170' title='bbox 1784 2737 1992 2835; x_wconf 88' lang='lat' dir='ltr'><strong>quod</strong></span> <span class='ocrx_word' id='word_1_171' title='bbox 2045 2745 2397 2833; x_wconf 81' lang='lat' dir='ltr'><strong>quartam</strong></span> <span class='ocrx_word' id='word_1_172' title='bbox 2451 2733 2725 2809; x_wconf 80' lang='lat' dir='ltr'><strong>senarii</strong></span> 
     </span>
     <span class='ocr_line' id='line_1_24' title="bbox 514 2833 2729 2934; baseline -0 -26"><span class='ocrx_word' id='word_1_173' title='bbox 514 2836 774 2909; x_wconf 88' lang='lat' dir='ltr'><strong>sedem</strong></span> <span class='ocrx_word' id='word_1_174' title='bbox 819 2834 1167 2930; x_wconf 83' lang='lat' dir='ltr'><strong>dactylus</strong></span> <span class='ocrx_word' id='word_1_175' title='bbox 1218 2846 1594 2933; x_wconf 86' lang='lat' dir='ltr'><strong>occupet;</strong></span> <span class='ocrx_word' id='word_1_176' title='bbox 1648 2848 1729 2911; x_wconf 88' lang='lat' dir='ltr'><strong>et</strong></span> <span class='ocrx_word' id='word_1_177' title='bbox 1789 2844 2063 2934; x_wconf 87' lang='lat' dir='ltr'><strong>quarto</strong></span> <span class='ocrx_word' id='word_1_178' title='bbox 2117 2834 2473 2931; x_wconf 85' lang='lat' dir='ltr'><strong>denique,</strong></span> <span class='ocrx_word' id='word_1_179' title='bbox 2519 2833 2729 2931; x_wconf 91' lang='lat' dir='ltr'><strong>quod</strong></span> 
     </span>
     <span class='ocr_line' id='line_1_25' title="bbox 514 2933 2730 3031; baseline 0.001 -25"><span class='ocrx_word' id='word_1_180' title='bbox 514 2933 835 3006; x_wconf 88' lang='lat' dir='ltr'><strong>verbum</strong></span> <span class='ocrx_word' id='word_1_181' title='bbox 887 2965 1200 3031; x_wconf 72' lang='grc' dir='ltr'>τραποιτο</span> <span class='ocrx_word' id='word_1_182' title='bbox 1280 2936 1552 3009; x_wconf 86' lang='lat' dir='ltr'><strong>vocula</strong></span> <span class='ocrx_word' id='word_1_183' title='bbox 1599 2967 1683 3009; x_wconf 80' lang='grc' dir='ltr'><strong>αν</strong></span> <span class='ocrx_word' id='word_1_184' title='bbox 1734 2935 2217 3010; x_wconf 86' lang='lat' dir='ltr'><strong>destituatur.</strong></span> <span class='ocrx_word' id='word_1_185' title='bbox 2349 2933 2730 3030; x_wconf 84' lang='lat' dir='ltr'><strong>Equidem</strong></span> 
     </span>
     <span class='ocr_line' id='line_1_26' title="bbox 517 3030 2732 3133; baseline 0.002 -30"><span class='ocrx_word' id='word_1_186' title='bbox 517 3031 630 3103; x_wconf 82' lang='lat' dir='ltr'><strong>Cl.</strong></span> <span class='ocrx_word' id='word_1_187' title='bbox 670 3030 1085 3104; x_wconf 87' lang='lat' dir='ltr'><strong>Kusterum</strong></span> <span class='ocrx_word' id='word_1_188' title='bbox 1116 3031 1303 3128; x_wconf 91' lang='lat' dir='ltr'><strong>quid</strong></span> <span class='ocrx_word' id='word_1_189' title='bbox 1334 3032 1747 3132; x_wconf 87' lang='lat' dir='ltr'><strong>impulerit,</strong></span> <span class='ocrx_word' id='word_1_190' title='bbox 1796 3043 1886 3108; x_wconf 89' lang='lat' dir='ltr'><strong>ut</strong></span> <span class='ocrx_word' id='word_1_191' title='bbox 1937 3068 2017 3107; x_wconf 80' lang='grc' dir='ltr'><strong>αν</strong></span> <span class='ocrx_word' id='word_1_192' title='bbox 2061 3033 2321 3133; x_wconf 88' lang='lat' dir='ltr'><strong>potius</strong></span> <span class='ocrx_word' id='word_1_193' title='bbox 2352 3056 2582 3129; x_wconf 90' lang='lat' dir='ltr'><strong>quam</strong></span> <span class='ocrx_word' id='word_1_194' title='bbox 2613 3065 2732 3107; x_wconf 80' lang='grc' dir='ltr'><strong>ουν</strong></span> 
     </span>
     <span class='ocr_line' id='line_1_27' title="bbox 518 3128 2732 3230; baseline 0.001 -26"><span class='ocrx_word' id='word_1_195' title='bbox 518 3128 937 3216; x_wconf 84' lang='lat' dir='ltr'><strong>exhiberet,</strong></span> <span class='ocrx_word' id='word_1_196' title='bbox 983 3128 1174 3205; x_wconf 88' lang='lat' dir='ltr'><strong>mihi</strong></span> <span class='ocrx_word' id='word_1_197' title='bbox 1209 3154 1385 3205; x_wconf 85' lang='lat' dir='ltr'><strong>eum</strong></span> <span class='ocrx_word' id='word_1_198' title='bbox 1434 3133 1601 3208; x_wconf 85' lang='lat' dir='ltr'><strong>viro</strong></span> <span class='ocrx_word' id='word_1_199' title='bbox 1634 3133 2077 3208; x_wconf 85' lang='lat' dir='ltr'><strong>doctissimo</strong></span> <span class='ocrx_word' id='word_1_200' title='bbox 2116 3132 2345 3230; x_wconf 83' lang='lat' dir='ltr'><strong>juxta</strong></span> <span class='ocrx_word' id='word_1_201' title='bbox 2379 3132 2732 3230; x_wconf 88' lang='lat' dir='ltr'><strong>ignotum</strong></span> 
     </span>
     <span class='ocr_line' id='line_1_28' title="bbox 518 3227 2732 3330; baseline 0.001 -27"><span class='ocrx_word' id='word_1_202' title='bbox 518 3237 657 3305; x_wconf 84' lang='lat' dir='ltr'><strong>est.</strong></span> <span class='ocrx_word' id='word_1_203' title='bbox 766 3227 1154 3304; x_wconf 87' lang='lat' dir='ltr'><strong>Sermonis</strong></span> <span class='ocrx_word' id='word_1_204' title='bbox 1198 3253 1382 3305; x_wconf 84' lang='lat' dir='ltr'><strong>vero</strong></span> <span class='ocrx_word' id='word_1_205' title='bbox 1433 3232 1684 3308; x_wconf 85' lang='lat' dir='ltr'><strong>Graeci</strong></span> <span class='ocrx_word' id='word_1_206' title='bbox 1739 3232 2096 3329; x_wconf 87' lang='lat' dir='ltr'><strong>peritiam</strong></span> <span class='ocrx_word' id='word_1_207' title='bbox 2152 3255 2309 3307; x_wconf 91' lang='lat' dir='ltr'><strong>non</strong></span> <span class='ocrx_word' id='word_1_208' title='bbox 2340 3230 2732 3330; x_wconf 83' lang='lat' dir='ltr'><strong>impulisse</strong></span> 
     </span>
     <span class='ocr_line' id='line_1_29' title="bbox 339 3328 2741 3430; baseline 0.002 -29"><span class='ocrx_word' id='word_1_209' title='bbox 339 3331 489 3401; x_wconf 82' lang='lat'><strong>209</strong></span> <span class='ocrx_word' id='word_1_210' title='bbox 516 3337 967 3430; x_wconf 84' lang='lat' dir='ltr'><strong>argumento</strong></span> <span class='ocrx_word' id='word_1_211' title='bbox 1022 3336 1143 3403; x_wconf 89' lang='lat' dir='ltr'><strong>est</strong></span> <span class='ocrx_word' id='word_1_212' title='bbox 1193 3328 1397 3404; x_wconf 86' lang='lat' dir='ltr'><strong>inter</strong></span> <span class='ocrx_word' id='word_1_213' title='bbox 1455 3331 1606 3405; x_wconf 92' lang='lat' dir='ltr'><strong>alia</strong></span> <span class='ocrx_word' id='word_1_214' title='bbox 1639 3333 1683 3378; x_wconf 73' lang='lat'><strong>⁴*</strong></span> <span class='ocrx_word' id='word_1_215' title='bbox 1737 3331 1931 3429; x_wconf 89' lang='lat' dir='ltr'><strong>ipse,</strong></span> <span class='ocrx_word' id='word_1_216' title='bbox 1989 3331 2070 3405; x_wconf 90' lang='lat' dir='ltr'><strong>in</strong></span> <span class='ocrx_word' id='word_1_217' title='bbox 2109 3354 2266 3428; x_wconf 91' lang='lat' dir='ltr'><strong>quo</strong></span> <span class='ocrx_word' id='word_1_218' title='bbox 2320 3353 2741 3420; x_wconf 84' lang='lat' dir='ltr'><strong>versamur,</strong></span> 
     </span>
    </p>
   </div>
   <div class='ocr_carea' id='block_1_4' title="bbox 603 3500 2645 3589">
    <p class='ocr_par' dir='ltr' id='par_1_12' title="bbox 603 3500 2645 3589">
     <span class='ocr_line' id='line_1_30' title="bbox 603 3500 2645 3589; baseline 0.001 -22"><span class='ocrx_word' id='word_1_219' title='bbox 603 3506 638 3539; x_wconf 81' lang='lat'><strong>¹·</strong></span> <span class='ocrx_word' id='word_1_220' title='bbox 672 3500 824 3569; x_wconf 73' lang='lat' dir='ltr'><strong>Pae.</strong></span> <span class='ocrx_word' id='word_1_221' title='bbox 858 3501 1008 3567; x_wconf 75' lang='lat'><strong>520.</strong></span> <span class='ocrx_word' id='word_1_222' title='bbox 1423 3503 1495 3585; x_wconf 81' lang='lat'><strong>[¹²</strong></span> <span class='ocrx_word' id='word_1_223' title='bbox 1523 3503 1696 3571; x_wconf 63' lang='lat' dir='ltr'><strong>Aah.</strong></span> <span class='ocrx_word' id='word_1_224' title='bbox 1733 3503 1880 3571; x_wconf 87' lang='lat'>161.</span> <span class='ocrx_word' id='word_1_225' title='bbox 1908 3503 1999 3569; x_wconf 80' lang='lat' dir='ltr'><strong>R.</strong></span> <span class='ocrx_word' id='word_1_226' title='bbox 2027 3503 2111 3569; x_wconf 85' lang='lat' dir='ltr'><strong>P.</strong></span> <span class='ocrx_word' id='word_1_227' title='bbox 2136 3506 2220 3571; x_wconf 71' lang='lat' dir='ltr'><strong>aa</strong></span> <span class='ocrx_word' id='word_1_228' title='bbox 2250 3504 2436 3573; x_wconf 78' lang='lat' dir='ltr'><strong>Med.</strong></span> <span class='ocrx_word' id='word_1_229' title='bbox 2466 3503 2645 3589; x_wconf 63' lang='lat' dir='ltr'><strong>sea]</strong></span> 
     </span>
    </p>
   </div>
   <div class='ocr_carea' id='block_1_5' title="bbox 270 794 467 813">
    <p class='ocr_par' dir='ltr' id='par_1_13' title="bbox 270 794 467 813">
     <span class='ocr_line' id='line_1_31' title="bbox 270 794 467 813; baseline 0 4085"><span class='ocrx_word' id='word_1_230' title='bbox 270 794 467 813; x_wconf 95' lang='lat' dir='ltr'><strong> </strong></span> 
     </span>
    </p>
   </div>
   <div class='ocr_carea' id='block_1_6' title="bbox 510 3685 2743 4561">
    <p class='ocr_par' dir='ltr' id='par_1_14' title="bbox 510 3685 2743 4161">
     <span class='ocr_line' id='line_1_32' title="bbox 511 3685 2731 3772; baseline 0.002 -29"><span class='ocrx_word' id='word_1_231' title='bbox 511 3704 572 3762; x_wconf 89' lang='lat' dir='ltr'><strong>p.</strong></span> <span class='ocrx_word' id='word_1_232' title='bbox 603 3685 826 3764; x_wconf 85' lang='grc'><strong>(139.).</strong></span> <span class='ocrx_word' id='word_1_233' title='bbox 881 3687 1144 3765; x_wconf 81' lang='lat' dir='ltr'><strong>AEschyl.</strong></span> <span class='ocrx_word' id='word_1_234' title='bbox 1165 3692 1577 3772; x_wconf 72' lang='lat' dir='ltr'><strong>Agara-1312.</strong></span> <span class='ocrx_word' id='word_1_235' title='bbox 1677 3688 1855 3749; x_wconf 78' lang='grc' dir='ltr'><strong>““Ην</strong></span> <span class='ocrx_word' id='word_1_236' title='bbox 1880 3687 1927 3749; x_wconf 79' lang='grc' dir='ltr'><strong>δ’</strong></span> <span class='ocrx_word' id='word_1_237' title='bbox 1950 3691 2226 3769; x_wconf 76' lang='grc' dir='ltr'>Ἠρακλεῖ</span> <span class='ocrx_word' id='word_1_238' title='bbox 2253 3692 2356 3772; x_wconf 71' lang='grc' dir='ltr'><strong>θύῃ</strong></span> <span class='ocrx_word' id='word_1_239' title='bbox 2384 3715 2473 3757; x_wconf 75' lang='lat' dir='ltr'><strong>nc</strong></span> <span class='ocrx_word' id='word_1_240' title='bbox 2500 3689 2731 3762; x_wconf 78' lang='lat' dir='ltr'><strong>Schol.;</strong></span> 
     </span>
     <span class='ocr_line' id='line_1_33' title="bbox 510 3762 2736 3850; baseline 0.003 -30"><span class='ocrx_word' id='word_1_241' title='bbox 510 3767 617 3829; x_wconf 73' lang='grc' dir='ltr'><strong>Τίς</strong></span> <span class='ocrx_word' id='word_1_242' title='bbox 690 3762 769 3823; x_wconf 75' lang='grc' dir='ltr'><strong>ἂν</strong></span> <span class='ocrx_word' id='word_1_243' title='bbox 838 3769 936 3824; x_wconf 72' lang='grc' dir='ltr'><strong>οὒκ</strong></span> <span class='ocrx_word' id='word_1_244' title='bbox 1015 3769 1231 3835; x_wconf 73' lang='grc' dir='ltr'><strong>εὔξαιτο</strong></span> <span class='ocrx_word' id='word_1_245' title='bbox 1301 3768 1528 3847; x_wconf 73' lang='grc' dir='ltr'><strong><em>βροτῶν</em></strong></span> <span class='ocrx_word' id='word_1_246' title='bbox 1555 3791 1573 3839; x_wconf 78' lang='grc' dir='ltr'>ς</span> <span class='ocrx_word' id='word_1_247' title='bbox 1678 3775 1774 3847; x_wconf 78' lang='lat' dir='ltr'><strong>(et</strong></span> <span class='ocrx_word' id='word_1_248' title='bbox 1797 3770 2133 3850; x_wconf 71' lang='lat' dir='ltr'><strong>cod-Rau.)</strong></span> <span class='ocrx_word' id='word_1_249' title='bbox 2151 3773 2425 3848; x_wconf 79' lang='grc' dir='ltr'><strong>Ἡρακλεῖ</strong></span> <span class='ocrx_word' id='word_1_250' title='bbox 2441 3767 2736 3849; x_wconf 50' lang='lat' dir='ltr'><strong>»ivs-1966„</strong></span> 
     </span>
     <span class='ocr_line' id='line_1_34' title="bbox 514 3839 2743 3988; baseline 0.004 -89"><span class='ocrx_word' id='word_1_251' title='bbox 514 3839 697 3918; x_wconf 85' lang='lat' dir='ltr'><strong>Soph.</strong></span> <span class='ocrx_word' id='word_1_252' title='bbox 737 3842 880 3902; x_wconf 82' lang='lat' dir='ltr'><strong>OEd.</strong></span> <span class='ocrx_word' id='word_1_253' title='bbox 923 3844 1069 3923; x_wconf 83' lang='lat' dir='ltr'><strong>Tyr.</strong></span> <span class='ocrx_word' id='word_1_254' title='bbox 1098 3854 1242 3908; x_wconf 85' lang='grc'><strong>339.</strong></span> <span class='ocrx_word' id='word_1_255' title='bbox 1322 3854 1426 3916; x_wconf 75' lang='grc' dir='ltr'><strong>Τίς</strong></span> <span class='ocrx_word' id='word_1_256' title='bbox 1459 3852 1577 3925; x_wconf 74' lang='grc' dir='ltr'><strong>γάρ</strong></span> <span class='ocrx_word' id='word_1_257' title='bbox 1674 3848 2336 3988; x_wconf 55' lang='lat' dir='ltr'><strong>ffiqptermetmml&#39;lffa</strong></span> <span class='ocrx_word' id='word_1_258' title='bbox 2441 3891 2456 3907; x_wconf 90' lang='lat'><strong>.</strong></span> <span class='ocrx_word' id='word_1_259' title='bbox 2479 3849 2743 3908; x_wconf 79' lang='lat' dir='ltr'><strong>Incaute.</strong></span> 
     </span>
     <span class='ocr_line' id='line_1_35' title="bbox 513 3918 2742 4007; baseline 0.003 -27"><span class='ocrx_word' id='word_1_260' title='bbox 513 3923 722 3980; x_wconf 74' lang='grc' dir='ltr'>τοιαῦτ’</span> <span class='ocrx_word' id='word_1_261' title='bbox 760 3918 839 3980; x_wconf 76' lang='grc' dir='ltr'><strong>ἂν</strong></span> <span class='ocrx_word' id='word_1_262' title='bbox 863 3921 959 3980; x_wconf 67' lang='grc' dir='ltr'><strong>οὒκ</strong></span> <span class='ocrx_word' id='word_1_263' title='bbox 996 3922 1076 3983; x_wconf 74' lang='grc' dir='ltr'><strong>ἂν</strong></span> <span class='ocrx_word' id='word_1_264' title='bbox 1109 3928 1383 4004; x_wconf 74' lang='grc' dir='ltr'>ὀργίζοιτ’</span> <span class='ocrx_word' id='word_1_265' title='bbox 1426 3926 1572 3998; x_wconf 69' lang='grc' dir='ltr'><strong>ἴτης</strong></span> <span class='ocrx_word' id='word_1_266' title='bbox 1659 3999 1668 4002; x_wconf 44' lang='grc'><strong>,</strong></span> <span class='ocrx_word' id='word_1_267' title='bbox 1806 3929 1918 3989; x_wconf 86' lang='lat' dir='ltr'><strong>lem</strong></span> <span class='ocrx_word' id='word_1_268' title='bbox 1950 3929 2142 4007; x_wconf 82' lang='lat' dir='ltr'><strong>legere</strong></span> <span class='ocrx_word' id='word_1_269' title='bbox 2169 3946 2303 3986; x_wconf 87' lang='lat' dir='ltr'><strong>cum</strong></span> <span class='ocrx_word' id='word_1_270' title='bbox 2387 3927 2629 3985; x_wconf 78' lang='lat' dir='ltr'><strong>runckio</strong></span> <span class='ocrx_word' id='word_1_271' title='bbox 2657 3927 2742 3987; x_wconf 74' lang='lat' dir='ltr'><strong>ad</strong></span> 
     </span>
     <span class='ocr_line' id='line_1_36' title="bbox 513 3997 2741 4071; baseline 0.002 -10"><span class='ocrx_word' id='word_1_272' title='bbox 513 3999 658 4061; x_wconf 85' lang='lat' dir='ltr'><strong>OEd.</strong></span> <span class='ocrx_word' id='word_1_273' title='bbox 678 3997 806 4058; x_wconf 85' lang='lat' dir='ltr'><strong>Col.</strong></span> <span class='ocrx_word' id='word_1_274' title='bbox 833 4004 1011 4059; x_wconf 74' lang='lat'><strong>1440.</strong></span> <span class='ocrx_word' id='word_1_275' title='bbox 1053 4009 1157 4071; x_wconf 78' lang='grc' dir='ltr'><strong>Τίς</strong></span> <span class='ocrx_word' id='word_1_276' title='bbox 1178 4005 1258 4067; x_wconf 77' lang='grc' dir='ltr'><strong>ἂν</strong></span> <span class='ocrx_word' id='word_1_277' title='bbox 1280 4010 1347 4066; x_wconf 68' lang='grc' dir='ltr'><strong>οὗ</strong></span> <span class='ocrx_word' id='word_1_278' title='bbox 1367 4029 1577 4066; x_wconf 67' lang='lat' dir='ltr'><strong>mrum-</strong></span> <span class='ocrx_word' id='word_1_279' title='bbox 1674 4007 1910 4068; x_wconf 76' lang='lat' dir='ltr'><strong>Thesm.</strong></span> <span class='ocrx_word' id='word_1_280' title='bbox 1960 4011 2095 4066; x_wconf 82' lang='lat'><strong>169.</strong></span> <span class='ocrx_word' id='word_1_281' title='bbox 2136 4018 2197 4064; x_wconf 84' lang='lat' dir='ltr'><strong>et</strong></span> <span class='ocrx_word' id='word_1_282' title='bbox 2237 4005 2313 4063; x_wconf 82' lang='lat' dir='ltr'><strong>R.</strong></span> <span class='ocrx_word' id='word_1_283' title='bbox 2337 4003 2417 4063; x_wconf 84' lang='grc' dir='ltr'><strong>Ρ.</strong></span> <span class='ocrx_word' id='word_1_284' title='bbox 2461 4003 2537 4062; x_wconf 81' lang='lat' dir='ltr'><strong>ad</strong></span> <span class='ocrx_word' id='word_1_285' title='bbox 2568 4002 2741 4065; x_wconf 80' lang='lat' dir='ltr'><strong>Med.</strong></span> 
     </span>
     <span class='ocr_line' id='line_1_37' title="bbox 512 4081 2738 4161; baseline -0.001 -15"><span class='ocrx_word' id='word_1_286' title='bbox 512 4084 699 4151; x_wconf 65' lang='grc' dir='ltr'><strong>ῒὲνωῧ</strong></span> <span class='ocrx_word' id='word_1_287' title='bbox 1675 4090 1813 4147; x_wconf 82' lang='lat'><strong>675.</strong></span> <span class='ocrx_word' id='word_1_288' title='bbox 1844 4085 1968 4144; x_wconf 79' lang='grc' dir='ltr'><strong>Ἢν</strong></span> <span class='ocrx_word' id='word_1_289' title='bbox 2007 4085 2055 4142; x_wconf 78' lang='grc' dir='ltr'><strong>δ’</strong></span> <span class='ocrx_word' id='word_1_290' title='bbox 2089 4086 2389 4161; x_wconf 74' lang='grc' dir='ltr'>’Ἡρακλέει</span> <span class='ocrx_word' id='word_1_291' title='bbox 2437 4106 2524 4150; x_wconf 76' lang='grc' dir='ltr'><strong>τις</strong></span> <span class='ocrx_word' id='word_1_292' title='bbox 2566 4081 2738 4158; x_wconf 77' lang='grc' dir='ltr'><em>βοῦν,</em></span> 
     </span>
    </p>

    <p class='ocr_par' dir='ltr' id='par_1_15' title="bbox 514 4155 2737 4561">
     <span class='ocr_line' id='line_1_38' title="bbox 596 4155 2735 4242; baseline 0.002 -22"><span class='ocrx_word' id='word_1_293' title='bbox 596 4165 696 4220; x_wconf 73' lang='lat'><strong>6³.</strong></span> <span class='ocrx_word' id='word_1_294' title='bbox 741 4155 1002 4219; x_wconf 80' lang='lat' dir='ltr'><strong>Mediam</strong></span> <span class='ocrx_word' id='word_1_295' title='bbox 1070 4161 1232 4221; x_wconf 81' lang='lat' dir='ltr'><strong>vocis</strong></span> <span class='ocrx_word' id='word_1_296' title='bbox 1281 4164 1573 4240; x_wconf 74' lang='grc' dir='ltr'>Ἡρακλῆς</span> <span class='ocrx_word' id='word_1_297' title='bbox 1673 4169 1730 4224; x_wconf 82' lang='grc' dir='ltr'><strong>λ.</strong></span> <span class='ocrx_word' id='word_1_298' title='bbox 1760 4164 2034 4242; x_wconf 76' lang='lat' dir='ltr'><strong>Diphilus</strong></span> <span class='ocrx_word' id='word_1_299' title='bbox 2059 4162 2217 4241; x_wconf 88' lang='lat' dir='ltr'><strong>apud</strong></span> <span class='ocrx_word' id='word_1_300' title='bbox 2245 4162 2459 4222; x_wconf 77' lang='lat' dir='ltr'><strong>Athen.</strong></span> <span class='ocrx_word' id='word_1_301' title='bbox 2486 4182 2568 4234; x_wconf 68' lang='grc' dir='ltr'><strong>π,</strong></span> <span class='ocrx_word' id='word_1_302' title='bbox 2593 4170 2735 4225; x_wconf 76' lang='grc'><strong>227.</strong></span> 
     </span>
     <span class='ocr_line' id='line_1_39' title="bbox 514 4239 2737 4322; baseline 0 -20"><span class='ocrx_word' id='word_1_303' title='bbox 514 4258 801 4319; x_wconf 62' lang='lat' dir='ltr'><strong>nunquam</strong></span> <span class='ocrx_word' id='word_1_304' title='bbox 827 4239 1099 4319; x_wconf 68' lang='lat' dir='ltr'><strong>producit</strong></span> <span class='ocrx_word' id='word_1_305' title='bbox 1130 4240 1572 4321; x_wconf 68' lang='lat' dir='ltr'><strong>Aristophanes,</strong></span> <span class='ocrx_word' id='word_1_306' title='bbox 1673 4243 1740 4303; x_wconf 78' lang='lat' dir='ltr'><strong>F.</strong></span> <span class='ocrx_word' id='word_1_307' title='bbox 1764 4249 1859 4322; x_wconf 61' lang='grc' dir='ltr'><strong>Τῷ</strong></span> <span class='ocrx_word' id='word_1_308' title='bbox 1879 4241 2058 4321; x_wconf 53' lang='grc' dir='ltr'><em>δημίῳ</em></span> <span class='ocrx_word' id='word_1_309' title='bbox 2085 4265 2167 4300; x_wconf 73' lang='grc' dir='ltr'><strong>πα</strong></span> <span class='ocrx_word' id='word_1_310' title='bbox 2205 4241 2421 4303; x_wconf 74' lang='grc' dir='ltr'><em>ἔδωκαν</em></span> <span class='ocrx_word' id='word_1_311' title='bbox 2442 4247 2639 4303; x_wconf 71' lang='grc' dir='ltr'><strong>αὐτόν.</strong></span> <span class='ocrx_word' id='word_1_312' title='bbox 2666 4243 2737 4302; x_wconf 88' lang='grc' dir='ltr'><strong>Β.</strong></span> 
     </span>
     <span class='ocr_line' id='line_1_40' title="bbox 514 4318 2729 4403; baseline 0 -23"><span class='ocrx_word' id='word_1_313' title='bbox 514 4340 753 4399; x_wconf 79' lang='lat' dir='ltr'><strong>perraro</strong></span> <span class='ocrx_word' id='word_1_314' title='bbox 773 4318 1090 4398; x_wconf 78' lang='lat' dir='ltr'><strong>corripiunt</strong></span> <span class='ocrx_word' id='word_1_315' title='bbox 1109 4334 1302 4400; x_wconf 76' lang='lat' dir='ltr'><strong>poetae</strong></span> <span class='ocrx_word' id='word_1_316' title='bbox 1330 4323 1568 4399; x_wconf 81' lang='lat' dir='ltr'><strong>tragici3</strong></span> <span class='ocrx_word' id='word_1_317' title='bbox 1670 4325 1995 4402; x_wconf 68' lang='grc' dir='ltr'><strong>Ἡράκλεις.</strong></span> <span class='ocrx_word' id='word_1_318' title='bbox 2069 4320 2144 4380; x_wconf 87' lang='lat' dir='ltr'><strong>Vi</strong></span> <span class='ocrx_word' id='word_1_319' title='bbox 2190 4344 2223 4383; x_wconf 87' lang='lat' dir='ltr'><strong>e</strong></span> <span class='ocrx_word' id='word_1_320' title='bbox 2251 4324 2433 4403; x_wconf 83' lang='lat' dir='ltr'><strong>Soph.</strong></span> <span class='ocrx_word' id='word_1_321' title='bbox 2459 4323 2565 4384; x_wconf 87' lang='lat' dir='ltr'><strong>Tr.</strong></span> <span class='ocrx_word' id='word_1_322' title='bbox 2599 4328 2729 4382; x_wconf 83' lang='grc'><strong>156.</strong></span> 
     </span>
     <span class='ocr_line' id='line_1_41' title="bbox 516 4399 2732 4481; baseline 0.001 -25"><span class='ocrx_word' id='word_1_323' title='bbox 516 4400 630 4460; x_wconf 82' lang='lat' dir='ltr'><strong>Av.</strong></span> <span class='ocrx_word' id='word_1_324' title='bbox 668 4404 819 4460; x_wconf 69' lang='lat'><strong>568.</strong></span> <span class='ocrx_word' id='word_1_325' title='bbox 884 4399 1010 4460; x_wconf 80' lang='grc' dir='ltr'><strong>Ἦν</strong></span> <span class='ocrx_word' id='word_1_326' title='bbox 1071 4399 1118 4460; x_wconf 74' lang='grc' dir='ltr'><strong>δ’</strong></span> <span class='ocrx_word' id='word_1_327' title='bbox 1166 4403 1442 4481; x_wconf 71' lang='grc' dir='ltr'>Ἠρακλεῖ</span> <span class='ocrx_word' id='word_1_328' title='bbox 1487 4427 1573 4470; x_wconf 70' lang='grc' dir='ltr'><strong>τις</strong></span> <span class='ocrx_word' id='word_1_329' title='bbox 1679 4407 1811 4464; x_wconf 84' lang='grc'><strong>170.</strong></span> <span class='ocrx_word' id='word_1_330' title='bbox 1858 4406 1994 4460; x_wconf 82' lang='grc'><strong>406.</strong></span> <span class='ocrx_word' id='word_1_331' title='bbox 2044 4407 2184 4464; x_wconf 82' lang='lat'><strong>460.</strong></span> <span class='ocrx_word' id='word_1_332' title='bbox 2229 4409 2370 4468; x_wconf 82' lang='grc'><strong>476.</strong></span> <span class='ocrx_word' id='word_1_333' title='bbox 2411 4411 2550 4465; x_wconf 80' lang='lat'><strong>540.</strong></span> <span class='ocrx_word' id='word_1_334' title='bbox 2592 4407 2732 4462; x_wconf 78' lang='lat'><strong>550.</strong></span> 
     </span>
     <span class='ocr_line' id='line_1_42' title="bbox 514 4474 2146 4561; baseline 0.003 -23"><span class='ocrx_word' id='word_1_335' title='bbox 514 4474 663 4548; x_wconf 81' lang='grc' dir='ltr'><em>βοῦν</em></span> <span class='ocrx_word' id='word_1_336' title='bbox 725 4479 1008 4543; x_wconf 75' lang='lat' dir='ltr'><strong>editiones</strong></span> <span class='ocrx_word' id='word_1_337' title='bbox 1061 4495 1180 4542; x_wconf 76' lang='lat' dir='ltr'><strong>tres</strong></span> <span class='ocrx_word' id='word_1_338' title='bbox 1240 4481 1567 4561; x_wconf 78' lang='lat' dir='ltr'><strong>primariae3</strong></span> <span class='ocrx_word' id='word_1_339' title='bbox 1673 4488 1810 4541; x_wconf 80' lang='lat'><strong><em>563.</em></strong></span> <span class='ocrx_word' id='word_1_340' title='bbox 1840 4487 1978 4543; x_wconf 82' lang='lat'><em>585.</em></span> <span class='ocrx_word' id='word_1_341' title='bbox 2008 4486 2146 4543; x_wconf 80' lang='grc'><strong>668.</strong></span> 
     </span>
    </p>
   </div>
  </div>
 </body>
</html>
