3032 4898
1475 368 1486 376 ’
1546 416 1695 483 472

286 630 467 678 SEOT.

354 694 398 741 v
713 616 951 685 Κειπου
977 641 1197 681 σικυον
1235 612 1562 681 ῙΔΟΙΕΝ
1588 609 1667 648 ¹⁴⁸
1702 641 1739 690 η
1775 608 2126 704 λαγῳδιον.

515 746 718 819 Ecce
745 757 1000 821 autem
1021 747 1339 820 eandem
1358 747 1569 843 apud
1593 744 2046 843 Sophoclem
2074 741 2760 818 constructionem

516 846 790 920 Trach.
832 854 981 921 924
1016 849 1257 942 (909).

711 977 911 1068 Any
947 975 1013 1045 δε
1043 977 1267 1069 καλλῃ
1307 974 1619 1063 ὃωματων
1655 991 2108 1067 στρωφωμενη,

717 1078 1011 1144 ΕῙΠΟΥ
1038 1074 1114 1113 ¹⁴⁹
1156 1077 1364 1166 φιλων
1401 1076 1865 1145 ΒΛΕΨΕῙΕΝ
1901 1103 2161 1143 ome-rosv
2196 1070 2412 1159 δεμας,

725 1178 1128 1245 ΕΚΛΑῙΕΝ
1168 1179 1207 1255 ἡ
1243 1175 1557 1254 δυστηνος

339 1311 487 1381 257
513 1308 741 1382 *Ubi
794 1309 857 1382 si
915 1310 1193 1401 εβλεψεν
1247 1308 1664 1406 scripseris,
1717 1316 2123 1405 syntaxeos
2164 1305 2542 1379 rationem
2580 1307 2756 1377 vio-

512 1408 811 1484 laveris.
916 1408 1094 1482 Noli
1149 1418 1405 1482 autem
1453 1409 1548 1482 de
1600 1431 1919 1483 numero
1971 1408 2185 1480 verbi
2236 1419 2539 1479 mutato
2594 1406 2757 1478 sol-

511 1508 772 1585 licitus
807 1533 969 1583 esse
997 1535 1017 1594 ;
1072 1508 1400 1583 refertur
1433 1507 1639 1584 enim
1673 1507 1770 1582 ad
1804 1505 2355 1580 nominativum
2390 1507 2747 1603 αυὸραρω.

615 1645 711 1718 V.
751 1651 927 1720 633.
1002 1652 1210 1729 Φησιν
1267 1647 1309 1718 ὃ
1367 1679 1523 1718 ειναι
1584 1648 1862 1719 πολλων
1918 1646 2184 1742 αγαθων
2254 1646 2436 1726 αξιος
2496 1645 2653 1734 ὗμιν
2710 1640 2751 1714 ὃ

519 1844 848 1918 Locutio
901 1843 1047 1917 ista
1097 1747 1661 1942 απ-ῑὲῧῖωἵιςῖξιος
1629 1846 1801 1933 ὗμιν,
1851 1867 2004 1939 quo
2051 1843 2324 1927 valeat,
2374 1854 2747 1940 exponat,

519 1944 774 2029 velim,
825 1945 958 2039 qui
1024 1944 1449 2040 intelligere
1516 1941 1660 2015 sibi
1716 1943 2043 2017 videtur.
2176 1943 2493 2016 Interim
2552 1967 2749 2016 vero

520 2043 1061 2139 contemplare,
1120 2043 1182 2115 si
1221 2052 1466 2127 vacat,
1518 2042 1704 2138 quid
1743 2043 1945 2118 inter
1994 2068 2161 2117 eam
2196 2053 2274 2116 et
2314 2066 2571 2116 veram
2624 2043 2747 2136 (ni

519 2142 713 2217 male
743 2141 1109 2244 auguror)
1141 2141 1676 2239 Aristophanis
1711 2166 2021 2217 manum
2060 2142 2405 2216 intersit:

583 2300 792 2376 Φησιν
828 2295 867 2365 ὃ
900 2326 1055 2366 ειναι
1088 2297 1363 2366 πολλων
1393 2295 1657 2392 αγαθων
1692 2297 2003 2366 ΑΙΤΙΟΣ
2037 2297 2185 2383 ὗμιν
2220 2292 2257 2366 ὃ
2293 2328 2560 2377 vom-mc
2586 2296 2689 2367 ¹⁵⁰.

522 2444 744 2518 Dicit
777 2435 1030 2518 'autem
1062 2443 1322 2519 .Poeta
1364 2443 1742 2517 multorum
1790 2470 1870 2518 se
1921 2444 2122 2519 vobi-5·
2172 2444 2512 2518 bonorum
2563 2469 2747 2519 auc-

521 2555 768 2619 torem
834 2544 1189 2619 extitisse.
1322 2545 1510 2619 Post
1574 2544 1737 2617 haec
1806 2546 2071 2641 utique
2140 2546 2370 2620 verba
2436 2546 2743 2619 Chorus

522 2646 890 2721 continuo
921 2656 1289 2732 recenset,
1339 2670 1509 2742 quae
1554 2643 1823 2718 fecerit
1863 2648 2099 2720 Poeta
2145 2645 2743 2721 Atheniensibus

523 2744 603 2816 in
671 2747 1157 2820 commodum
1222 2744 1613 2831 cedentia;
1694 2746 2206 2820 narrationem
2284 2756 2543 2819 autem
2628 2746 2746 2822 sic

523 2842 812 2916 claudit
840 2846 1079 2938 [641]
1115 2870 1132 2917 :

620 2983 836 3051 Ταυτα
877 3012 1153 3060 ποιησας
1199 2987 1587 3054 ΠΟΛΛΩΝ
1636 2989 2008 3056 ΑΓΑΘΩΝ
2046 2989 2363 3057 ΑΙΤῙΟΣ
2389 2983 2462 3023 ¹⁵¹
2497 2989 2745 3055 ΥΜΙΝ

820 3110 1185 3176 γεγενηται.

617 3321 751 3376 1⁴8.
795 3319 1069 3378 “Rei-xcv
1112 3339 1218 3394 γει
1265 3316 1474 3378 suidas
1523 3322 1583 3379 in
1683 3342 1726 3390 1,
1754 3322 1794 3381 ἰ.
1835 3323 1993 3389 ἄξιός
2014 3323 2139 3381 ἐστι
2178 3324 2436 3384 θανάτου
2504 3329 2529 3342 ‘
2560 3329 2746 3384 πόλει.

521 3398 723 3458 σίκυον
738 3399 916 3461 habet
932 3399 1138 3459 ἵδοιενε
1168 3399 1247 3458 fc.
1281 3401 1359 3458 ἂν
1381 3396 1584 3458 chier-'³
1683 3402 1856 3461 Plato
1882 3403 2152 3482 Sympos.
2180 3424 2270 3476 111,
2304 3411 2440 3464 186.
2535 3449 2550 3464 .
2584 3404 2748 3473 οὗτός

527 3479 606 3537 R.
631 3480 701 3541 Β.
743 3485 780 3513 “
810 3480 992 3542 Recte
1018 3502 1094 3540 ex
1121 3480 1300 3540 Suida
1321 3495 1380 3540 et
1401 3479 1582 3540 MSS.
1684 3483 1842 3542 ἐστιν
1882 3485 1914 3542 ὁ
1952 3494 2053 3553 τῆς
2093 3487 2390 3564 Οὐρανίας
2425 3490 2555 3545 θεοῦ
2583 3485 2746 3563 ἔρως,

523 3557 705 3618 ἴδοιεν
723 3562 1025 3622 restituere
1047 3561 1176 3621 Viri
1197 3561 1394 3621 docti)
1380 3561 1510 3620 ”R.
1513 3562 1583 3620 Ρ.

529 3638 804 3699 Addend.
849 3644 927 3702 ad
970 3642 1585 3703 Hec.1149=1141.

525 3718 681 3775 conf.
716 3719 885 3780 Base.
912 3743 946 3780 e
992 3743 1117 3781 .cr.
1143 3743 1202 3801 p.
1233 3728 1371 3782 26⁰.

614 3800 751 3854 149.
1024 3823 1100 3861 ex
1143 3802 1406 3863 Turnebi
1459 3825 1582 3863 var.

527 3875 664 3934 lect·
704 3874 1034 3953 legendum,
1075 3881 1204 3940 Etr
1174 3884 1369 3942 τὀυ-
1373 3884 1489 3943 ’.Β
1513 3885 1589 3943 P·

531 3960 841 4014 EKAAEN
867 3962 1128 4020 exaravit
1153 3962 1231 4020 R.
1259 3965 1366 4036 D„
1395 3985 1451 4024 v.
1479 3965 1584 4025 inf.

618 4122 749 4177 150.
802 4121 839 4154 ‘⁸
887 4115 1001 4195 leg·
1049 4122 1223 4197 φησὶν
1250 4155 1276 4166 -
1297 4154 1324 4168 -
1347 4156 1372 4168 -
1403 4126 1584 4191 αἴτιος

483 4211 494 4223 ·
531 4199 808 4275 ὑμῖν-ν.
851 4198 946 4257 9.”
991 4198 1058 4275 (i.
1080 4219 1132 4257 e.
1164 4202 1334 4274 641.)
1359 4204 1435 4261 R.
1464 4205 1581 4269 B.;

529 4278 636 4337 sed
665 4279 805 4338 nihil
825 4278 1161 4349 mutandum
1185 4302 1201 4350 ς
1237 4282 1369 4339 vide
1397 4283 1586 4341 virum

533 4356 931 4420 doctissimum
990 4359 1050 4417 J.
1095 4358 1181 4418 H.
1234 4359 1436 4419 Monk.
1509 4362 1588 4419 ad

533 4432 677 4494 Eur.
693 4438 915 4502 Alcen.
936 4444 1075 4501 445.
1106 4438 1374 4519 Xenoph.
1395 4438 1584 4501 Mem.

1687 3566 1779 3621 καὶ
1804 3566 2084 3642 οὒράνιος,
2112 3570 2203 3623 καὶ
2231 3570 2450 3625 πολλοῦ
2475 3566 2631 3634 ἄξιος
2655 3572 2748 3625 καὶ

1686 3647 1852 3703 πόλει
1918 3648 2012 3703 καὶ
2079 3644 2185 3704 ἱδι’
2136 3670 2290 3704 ιιωτα
2296 3671 2344 3712 ς.
2441 3648 2741 3725 Aristoph.

1687 3723 1842 3784 Plut.
1890 3732 2028 3797 878,
2075 3733 2130 3785 9.
2200 3731 2418 3786 πολλοῦ
2476 3726 2535 3803 γ’
2591 3728 2749 3797 ἄξιος

1677 3809 1902 3867 ‘'An-am
1943 3815 2029 3866 roi
2034 3833 2064 3874 ς
2086 3808 2364 3877 Ἑλλῆσιν
2398 3810 2429 3866 ὁ
2458 3810 2587 3874 θεός
2612 3810 2746 3867 ἔσθ.

1687 3886 2026 3947 Andocides
2091 3889 2165 3946 de
2234 3888 2486 3967 Myster.
2538 3908 2599 3967 Ρ.
2644 3895 2744 3948 99.

1684 3966 1930 4026 Bekker.
1972 3968 2088 4042 ἐγὼ
2118 3967 2199 4037 δὲ,
2226 3965 2270 4025 ὦ
2301 3968 2524 4047 ἄνδρες,
2553 3968 2747 4039 &thoo—

1684 4069 1790 4123 μαι
1827 4048 1986 4123 ὑμῶν
2028 4047 2347 4106 &ierant-ai
2386 4052 2746 4127 υμῖντερᾴ-

1686 4124 1737 4183 δι
1719 4150 1777 4184 ια
1804 4131 2147 4203 χαρίζεσθαι
2178 4131 2271 4186 καὶ
2297 4130 2421 4207 ἐμοὶ
2449 4131 2537 4195 &Et
2539 4152 2577 4187 α
2605 4137 2750 4190 πολ·

1684 4210 1789 4263 λοῦ
1816 4215 2016 4284 τυχεῖν
2043 4212 2175 4284 παρ’
2200 4211 2383 4286 νμῶν.

1774 4290 1907 4343 151.
1956 4286 2176 4345 Recte:
2242 4288 2412 4348 Plato
2472 4290 2747 4391 Sympos.

1688 4369 1945 4434 111,178.
1992 4364 2062 4424 C.
2109 4366 2501 4443 πρεσβυτατος
2545 4370 2604 4427 δὲ
2644 4370 2751 4443 ὃν,

1685 4448 1976 4517 μεγίστων
2037 4448 2283 4523 α’γᾳθῦν
2352 4446 2491 4523 ἧμιν
2559 4450 2752 4517 αἴτιός·
