3032 4898
1620 421 1770 491 586

381 629 558 679 ποτ.
588 611 914 712 Utrique
944 624 1205 691 autem
1250 614 1568 714 perinde
1618 614 1859 703 favet,
1889 614 2099 713 quod
2132 611 2345 713 apud
2383 607 2847 709 Euripiden

437 695 497 744 v·
585 724 799 788 extat
832 716 911 789 in
949 718 1222 792 Oreste
1259 740 1454 792 vers.
1492 722 1644 790 396
1680 717 1929 813 (390).

686 859 751 925 H
788 888 1037 939 συνεσις
1062 857 1163 944 ⁸¹⁵,
1195 853 1294 930 ὅτι
1331 861 1751 928 ΣΥΝΟῙΔΑ
1804 858 2033 928 ΔΕῙΝ
2088 854 2815 948 ΕῙΡΓΑΣΜΕΝΟΣ.

685 1018 776 1091 V.
817 1025 988 1093 497.
1041 1028 1215 1094 Tavr
1248 1022 1625 1095 ουδεπωποτ
1661 1038 1912 1137 upupa?
1949 1017 2345 1117 Ευριπιὸης]

580 1128 625 1160 “
662 1119 1065 1195 Claudicat
1096 1132 1479 1195 metrum:
1535 1122 1741 1218 quod
1776 1144 1859 1194 ιιι
1893 1119 2281 1216 integrum
2315 1116 2825 1198 restituetur.

583 1227 633 1260 “
667 1221 730 1293 si
798 1244 943 1319 pro
1021 1241 1271 1316 εφωρατ
1347 1221 1611 1296 addito
1691 1229 2109 1319 augmento
2176 1218 2440 1293 Attico
2522 1215 2833 1292 scribas

581 1329 627 1361 “
662 1328 1011 1418 εφεωρατ.”
1061 1323 1465 1397 Kusterus.
1569 1321 1772 1396 Satis
1806 1319 2218 1394 infeliciter
2250 1319 2368 1394 Vir
2396 1317 2515 1392 Cl.
2614 1317 2831 1390 Nam

406 1421 557 1490 326
579 1419 878 1520 integer
901 1446 1132 1519 quem
1161 1432 1389 1498 vocat
1415 1423 1779 1510 senariuS‚
1801 1429 2161 1520 quartum
2187 1419 2464 1518 pedem
2504 1420 2552 1463 *
2577 1440 2825 1516 spon·

579 1521 809 1596 deum
842 1522 1176 1620 praefert,
1214 1533 1480 1598 contra
1505 1523 1979 1598 notissimam
2011 1519 2242 1618 hujus
2271 1520 2495 1593 metri
2529 1518 2821 1616 legem.

581 1622 795 1696 Idem
841 1647 1069 1722 porro
1129 1625 1531 1699 sententiae
1578 1623 1900 1697 nimium
1936 1645 2251 1696 securus
2286 1617 2462 1693 fuit.
2578 1618 2822 1708 Quod

576 1723 782 1798 enim
817 1727 1052 1799 verba
1085 1727 1353 1800 Graeca
1390 1726 1646 1800 valere
1677 1723 1951 1808 voluit,
2008 1722 2194 1796 Hoc
2224 1745 2592 1819 nunqnam
2628 1720 2823 1794 vidit

576 1823 1024 1922 Euripide-5,
1051 1850 1303 1923 neque
1331 1826 1608 1900 coelum
1631 1849 1771 1899 nec
1798 1834 2081 1899 terram
2102 1832 2451 1921 tangunt.
2502 1820 2819 1918 Nempe

575 1924 1096 2000 Mnesilochus
1171 1927 1564 2025 Euripidae
1648 1925 1777 2000 hic
1843 1947 2152 1999 causam
2229 1945 2466 2022 agens
2538 1931 2817 1996 contra

573 2024 954 2113 muliereS,
1014 2050 1185 2122 quae
1236 2049 1414 2102 eum
1467 2028 1549 2101 in
1590 2023 1720 2123 jus
1771 2033 2257 2111 vocaverant,
2325 2022 2543 2122 quod
2600 2022 2815 2120 ipsas

573 2123 906 2219 indignis
994 2127 1426 2224 opprobriis
1514 2127 1923 2201 lacerasset
1952 2153 1970 2212 ;
2055 2124 2402 2223 agnoscit
2488 2123 2813 2220 quidem

574 2224 1000 2323 Euripiden
1067 2226 1451 2301 nonnullis
1533 2226 2014 2302 contumeliis
2097 2250 2224 2301 eas
2298 2234 2809 2324 prosecutum

571 2348 734 2400 esse
759 2353 777 2411 ;
817 2336 1002 2424 quot
1027 2352 1208 2403 vero
1238 2327 1617 2427 graviora,
1645 2351 1824 2403 cum
1848 2328 1997 2427 ipsi
2021 2326 2102 2401 in
2124 2334 2496 2426 promptu
2522 2334 2810 2412 essent,

570 2427 824 2502 dicere
856 2429 1394 2527 supersederit,
1425 2428 1550 2504 hic
1575 2439 1945 2506 recenset.
1998 2429 2107 2504 At
2128 2427 2497 2527 lepidum,
2520 2425 2808 2513 hercle,

567 2540 981 2626 patronum
1015 2539 1286 2607 nactus
1341 2530 1617 2617 fuisset
1661 2532 1908 2605 bonus
1942 2529 2383 2629 Euripides,
2438 2528 2508 2601 si
2543 2526 2807 2627 ipsum

569 2629 1091 2706 Mnesilochus
1129 2633 1525 2709 defensum
1574 2631 1720 2707 iret
1772 2631 2128 2728 graviora
2172 2628 2589 2705 mulierum
2622 2626 2806 2703 faci·

566 2753 778 2817 nora,
828 2755 998 2827 quae
1033 2734 1200 2832 ipse
1235 2757 1389 2808 non
1415 2733 1581 2830 jam
1613 2755 1767 2806 non
1804 2729 2149 2818 dixisset,
2192 2729 2326 2805 sed
2363 2753 2524 2803 non
2561 2728 2800 2804 vidis-

568 2840 710 2918 set,
764 2831 1202 2907 indicando.
1314 2834 1655 2932 Scaliger
1696 2831 1933 2907 nihilo
1982 2830 2281 2906 felicius
2326 2827 2667 2926 conjecit
2700 2830 2803 2905 le-

565 2930 905 3028 gendum
939 2952 1217 3031 εφωρασ.
1308 2933 1482 3009 Hoc
1520 2934 1788 3031 utique
1825 2940 2072 3031 pacto,
2113 2931 2429 3030 perinde
2454 2938 2696 3027 atque
2724 2931 2802 3004 in

567 3030 883 3127 vulgata
914 3033 1265 3120 lectione,
1316 3033 1476 3107 bini
1514 3035 1753 3132 pedes
1782 3033 2181 3108 laborant:
2236 3031 2627 3107 sententia
2676 3030 2802 3104 iti-

567 3131 742 3204 dem
776 3154 931 3206 non
965 3133 1216 3206 minus
1251 3132 1496 3207 aliena
1530 3134 1882 3208 habetur.
1989 3134 2219 3208 Nunc
2262 3132 2466 3218 vide,
2517 3130 2710 3229 quid
2753 3155 2798 3206 a

567 3231 926 3306 dictantis
957 3230 1244 3306 librarii
1282 3256 1412 3307 ore
1451 3233 1905 3331 Comicique
1938 3257 2170 3309 manu
2205 3232 2630 3333 prodierit:

766 3380 938 3448 Ταυτ
969 3375 1345 3448 ονὸεπωποτ
1386 3378 1571 3460 ΕῙΦ,
1608 3376 1888 3446 ΟΡΑῙΣ
1912 3371 2014 3459 ⁸¹⁸,
2068 3372 2446 3470 Ευριπιδης.

649 3604 787 3657 315.
828 3601 901 3657 Ἤ
949 3598 1288 3666 &reme—‘⁴
1319 3597 1494 3658 Hanc
1535 3618 1629 3659 re·
1728 3612 1791 3657 et
1817 3596 2070 3658 Cornicis
2109 3596 2432 3657 adhiberi-'⁹
2470 3595 2657 3676 Soph.
2683 3595 2784 3656 Tr.

566 3679 767 3757 gulam
806 3680 948 3739 mihi
985 3680 1164 3741 semel
1202 3680 1396 3751 statui,
1435 3694 1504 3740 ut
1527 3678 1629 3749 ξῦν
1730 3684 1873 3739 394.
1906 3677 2155 3749 δίδαξον,
2202 3683 2278 3746 ὥς
2321 3677 2351 3737 ἐ’
2462 3702 2611 3747 rme,
2644 3679 2787 3737 εἶω·

567 3778 796 3836 semper
836 3780 945 3838 pro
993 3760 1100 3820 σῦν
1143 3762 1474 3833 scriberem,
1524 3761 1625 3820 ubi
1728 3765 1860 3839 ρᾷς,
1899 3761 2055 3840 ἐμοῦ.
2099 3759 2280 3838 Soph.
2367 3759 2427 3818 h.
2473 3762 2613 3817 861.
2658 3760 2785 3817 ἀλλ’

565 3859 672 3918 per
697 3853 948 3898 metrum
985 3854 1048 3899 et
1070 3860 1341 3901 numeros
1371 3841 1625 3901 liceret-'⁹
1724 3846 1800 3909 ὥς
1827 3865 1914 3909 ης
1938 3838 2109 3919 Ἀΐδᾳ
2135 3843 2570 3917 παρακείμενος,
2591 3840 2780 3916 'Opim

565 3921 646 3979 R.
671 3919 747 3977 P.
779 3920 856 3978 ad
887 3918 1054 3978 Med.
1081 3940 1147 3980 11·
1177 3933 1237 3980 et
1264 3921 1416 3981 Hec.
1444 3928 1582 3983 109.
1720 3921 1950 3996 βλέπει.
2034 3925 2225 4000 καίρια.
2294 3924 2576 4001 φθέγγου·
2655 3919 2779 3979 vide

650 4005 788 4059 316.
834 4005 870 4032 ‘⁸
896 4000 1181 4077 probante
1221 4002 1496 4062 Piersono
1550 4002 1629 4063 ad
1727 4002 2087 4062 Brunckium
2109 4001 2185 4065 ad
2205 4000 2285 4073 l.;
2316 4001 2773 4077 Fortasse‚·¹0pa‚

567 4081 791 4141 Moerin
813 4080 979 4159 p.6.”
999 4080 1077 4138 R.
1097 4081 1523 4160 P.apudP.P.
1542 4084 1624 4142 D.
1724 4079 1928 4156 βλέπε,
1975 4088 2164 4161 καίρια
2216 4085 2317 4161 φθ.
2389 4082 2533 4141 Eur.
2580 4080 2774 4140 Bacch.

568 4170 606 4196 “
636 4163 752 4241 leg.
804 4159 931 4242 εἶφ’,
980 4160 1154 4238 ὅρατ’,
1204 4161 1360 4240 εὒρ.”
1400 4164 1478 4221 R.
1504 4164 1579 4222 B.
1605 4186 1622 4235 ς
1729 4169 1867 4223 800.
1893 4164 2068 4243 (ipsiu
2101 4160 2172 4225 σῧ
2198 4169 2442 4242 χαίρεις,
2463 4162 2647 4223 ὅτανέ
2711 4184 2768 4219 e-

567 4244 649 4303 sic
692 4244 882 4304 Codd.
933 4243 1081 4302 Rav.
1124 4258 1182 4302 et
1226 4263 1377 4303 unus
1414 4243 1522 4302 Br.
1564 4258 1626 4305 et
1726 4250 1910 4304 τῶσιν
1937 4243 2148 4310 πύλαις
2187 4248 2427 4303 Πολλοί.
2497 4236 2605 4303 Ar.
2690 4261 2765 4301 nc.

565 4325 848 4403 Ruperat,
906 4324 1005 4401 qui
1059 4324 1208 4383 infra
1255 4329 1396 4382 503.
1449 4328 1484 4356 “
1513 4343 1623 4401 pro
1727 4330 1865 4384 331.
1898 4325 2055 4393 ἀλλ’,
2094 4327 2265 4402 ὁρᾶτ’,
2294 4323 2448 4383 οὕτω
2472 4325 2764 4383 πέπαυσθε.

566 4406 705 4477 ὁρᾷς
771 4405 919 4462 forte
980 4402 1346 4463 scribendum
1410 4402 1622 4478 ὀρᾷτ’.”
1720 4403 1901 4479 (conf.
1927 4403 2107 4483 Vesp.
2131 4408 2281 4482 45.).
2328 4404 2467 4464 Pte.
2500 4407 2638 4463 891.
2676 4401 2768 4461 “l.

566 4487 603 4514 ‘⁶
626 4482 788 4542 Solet
824 4482 972 4542 illud
1004 4486 1144 4560 ὁρᾶς
1181 4485 1263 4543 sic
1291 4504 1326 4541 a
1353 4481 1619 4560 Tragicis
1722 4484 1875 4559 ὁρᾶτ’
1913 4485 2037 4543 dtr.
2074 4484 2168 4546 vel
2213 4486 2383 4563 ὁρᾶτε
2419 4484 2766 4545 rostram,
