3032 4898
1518 441 1665 509 378

274 660 455 708 secr.
780 637 857 710 A
895 610 1283 710 mutim-um
1315 635 1640 710 siderum
1674 631 2007 708 convivio

331 727 393 773 v·
782 737 1156 823 Redeunt,
1203 745 1279 810 et
1314 736 1559 835 ignem
1590 744 1801 810 nocte
1829 732 2142 808 laternis
2148 731 2448 831 ferunt.

306 896 447 962 201
485 875 529 919 ⁴¹*
566 874 741 948 Huc
794 874 1183 972 pertinent
1217 873 1659 947 Scholiastae
1697 876 1929 947 verba
1948 906 2068 955 -η
2107 867 2144 944 ὁ
2190 889 2419 965 φανος,
2459 873 2549 954 ὡς
2593 904 2700 958 ro,

485 980 582 1047 Ev
616 976 679 1047 δε
726 1008 861 1058 τοις
895 1008 1132 1048 ιπνοισι
1179 1008 1331 1072 πυρ.
1442 973 1531 1046 In
1591 972 1973 1046 eburneum
2020 980 2283 1045 autem
2335 970 2704 1068 migrasse

340 1148 345 1155 ,
483 1073 667 1171 quid
724 1074 1030 1149 tandem
1091 1074 1346 1172 aptius
1406 1073 1560 1148 dici
1616 1073 1899 1172 potuit,
1949 1094 2180 1170 quam
2212 1092 2385 1167 quae
2437 1096 2708 1145 cornea

482 1174 763 1250 soleret
796 1199 960 1249 esse
994 1176 1344 1248 laterna?
1447 1174 1791 1247 Geminae
1826 1172 2072 1248 somni
2118 1184 2388 1269 portae‚
2439 1196 2710 1246 cornea

484 1282 565 1351 et
617 1274 955 1361 eburnea,
1009 1275 1137 1349 cui
1183 1298 1337 1349 non
1391 1273 1714 1371 perinde
1764 1284 1996 1371 atque
2049 1271 2294 1369 Hylas
2323 1273 2373 1309 ³²
2419 1271 2708 1346 dictae‘!

484 1375 738 1471 Atque
772 1399 870 1449 ex
925 1374 1069 1449 hac
1103 1374 1412 1471 quidem
1447 1373 1595 1447 viri
1631 1374 1747 1448 Cl.
1786 1376 1882 1448 de
1933 1370 2342 1470 muscipula
2390 1370 2712 1446 eburnea

486 1474 949 1549 insomnium
1008 1475 1345 1549 evolasse
1408 1473 1881 1548 crediderim.
1989 1474 2244 1556 Quam
2277 1471 2356 1545 in
2403 1480 2710 1546 senten-

487 1572 697 1662 tiam,
721 1583 811 1649 ut
835 1574 1080 1650 lector
1101 1574 1333 1649 etiam
1352 1574 1697 1649 eruditus
1719 1574 2115 1658 concedat,
2140 1572 2393 1656 faciet,
2413 1571 2708 1668 opinor,

487 1675 698 1771 quod
747 1674 911 1771 jam
971 1674 1199 1749 dictis
1258 1673 1703 1771 adjecturus
1759 1697 1951 1748 sum.
2056 1671 2220 1745 Viri
2259 1671 2526 1767 utique
2585 1672 2702 1745 Cl.

489 1783 920 1849 commento
981 1798 1350 1872 perquam
1401 1774 1882 1848 incommode
1944 1771 2250 1856 accidit,
2296 1771 2498 1868 quod
2557 1795 2708 1845 vox

493 1906 681 1960 moes
713 1896 1042 1971 quacum
1084 1872 1452 1970 conjungi
1503 1874 1835 1948 voluerit
1894 1872 2307 1948 articulum
2360 1871 2708 1945 masculi·

492 1996 700 2058 num,
755 1973 869 2047 uti
906 1981 984 2047 et
1017 1972 1487 2070 adjectivum
1516 1980 1955 2068 ελεφαντινος,
1988 1971 2289 2070 generis
2315 1994 2578 2045 revera
2609 1972 2712 2043 sit

494 2070 880 2147 foeminini.
989 2072 1235 2169 Cujus
1270 2073 1381 2146 rei
1415 2073 1777 2149 idoneum
1812 2073 1957 2147 tibi
1993 2081 2268 2148 testem
2304 2071 2714 2145 Pindarum

497 2169 750 2247 citabo
788 2172 1096 2270 Olymp.
1138 2196 1243 2246 ιν.
1289 2179 1402 2246 10.

1103 2352 1200 2364 --
1229 2308 1305 2391 ὃς
1337 2318 1578 2383 Art-vav
1614 2344 1781 2408 εχεις

794 2415 1036 2484 ἸΠΟΝ
1069 2411 1120 2448 ³³
1156 2416 1281 2483 HN
1296 2416 1810 2485 ΕΜΟΕΣΣΑΝ
1863 2410 2134 2512 ἑκατογ-

797 2515 1045 2606 κεφαλα
1077 2517 1389 2606 Τυφωνος
1425 2511 1731 2609 οβρᾱμου.

498 2643 771 2743 Neque
806 2647 1010 2721 enim
1033 2646 1197 2722 haec
1235 2649 1465 2722 verba
1498 2646 1613 2721 fas
1644 2660 1760 2721 est
1788 2647 1898 2721 ita
1930 2647 2309 2735 divellere,
2366 2655 2452 2721 ut
2487 2647 2708 2741 ηνεμό-

499 2778 693 2818 εσσαν
727 2770 879 2820 ιιοιι
905 2746 1068 2842 jam
1101 2747 1199 2821 ad
1234 2782 1383 2820 ιπον
1417 2746 1552 2820 sed
1587 2746 1682 2820 ad
1717 2755 1962 2822 Αιτναν
1997 2745 2389 2822 referatur.

600 2844 883 2917 Tertiae
920 2846 1178 2918 classis
1236 2845 1612 2941 ejusmodi
1665 2855 1793 2920 ‘est
1848 2846 2161 2934 indoleS,
2214 2859 2300 2921 ut
2346 2848 2425 2920 in
2479 2870 2569 2921 ea
2601 2869 2716 2920 re·

497 2940 851 3039 fingenda
885 2943 1344 3041 conjecturae
1377 2945 1860 3043 potissimum
1890 2971 2038 3045 ope
2071 2948 2471 3023 nitendum
2505 2946 2607 3021 sit
2637 2972 2656 3020 ε

600 3080 621 3115 ¹
678 3083 961 3152 Πολλου
1000 3115 1132 3180 γαρ
1167 3115 1400 3163 αυτ-ους
1435 3115 1568 3180 ουχ
1601 3087 1853 3181 εωρακᾶ
1889 3118 2160 3183 χρονου.

598 3180 623 3213 ²
677 3185 737 3251 Ο
774 3180 1030 3277 Spanum
1066 3213 1199 3279 γαρ
1224 3214 1351 3253 εστι
1385 3186 1665 3279 μᾶκρον,
1722 3186 1940 3265 αλλας
1974 3218 2010 3256 τ
2048 3219 2129 3259 αν
2157 3207 2431 3286 μακρον·

600 3278 626 3315 ³
679 3283 843 3352 Num
875 3280 939 3353 δε
975 3313 1372 3363 πεντηκοντα
1417 3282 1738 3380 δρᾶχμων
1772 3287 2058 3374 εμπολω.

602 3380 631 3417 ⁴
680 3381 875 3479 Υδωρ
908 3382 1081 3478 ὕδωρ
1115 3415 1181 3454 εν
1218 3384 1465 3480 χῦτριῳ
1504 3384 1883 3480 θερμαινετε.

330 3522 478 3592 202
507 3514 548 3559 ¹⁸*
602 3515 1077 3613 Argumento
1133 3516 1445 3615 quidem
1491 3526 1754 3593 nostro
1802 3520 2343 3617 gratulandum
2387 3520 2714 3607 videtur,

503 3614 711 3709 quod
765 3614 1042 3691 horum
1098 3617 1444 3692 locorum
1488 3616 1743 3691 nullus
1797 3642 1951 3694 non
2008 3621 2109 3694 sit
2164 3622 2403 3695 altero
2449 3621 2720 3694 itidem

503 3712 807 3787 nomine
866 3716 1434 3815 improbandus.
1554 3717 1854 3818 Nempe
1915 3721 2203 3819 primus
2261 3743 2352 3795 eo
2409 3720 2722 3818 insuper

548 3886 570 3921 ⁸
616 3880 716 3946 Pl.
739 3883 844 3948 98.
1044 3893 1070 3928 ¹
1101 3889 1230 3974 Eq.
1255 3892 1406 3955 207.
1600 3896 1623 3933 ³
1655 3891 1809 3960 Pac.
1854 3895 2038 3959 1200.
2214 3898 2242 3935 ⁴
2269 3892 2440 3956 Ach.
2483 3893 2672 3955 1174.

586 4076 685 4131 39..
730 4069 895 4150 Virg.
920 4071 1071 4131 Geo-
1098 4093 1189 4133 m.
1212 4080 1269 4134 6.
1298 4075 1409 4135 Cui
1440 4098 1557 4138 non
1661 4077 1789 4136 Par.
1813 4078 1887 4135 A.
1913 4077 2068 4155 Aug.
2089 4077 2156 4135 B.
2180 4074 2369 4135 Vatic.
2385 4074 2723 4155 ibidemque

500 4153 696 4214 dictu·
725 4150 915 4231 Hylas
941 4171 1190 4231 puer‚—
1541 4153 1548 4160 ’
1659 4152 1836 4235 ὀμβρί
1913 4180 1947 4214 ν
1970 4156 2346 4216 veto-tionem
2374 4154 2718 4218 formamex

588 4239 687 4294 33.
723 4237 759 4267 “
783 4234 959 4292 ’ἶπον
989 4230 1110 4293 Pal.
1129 4234 1198 4293 B.
1223 4235 1402 4295 ἶπον
1426 4235 1560 4297 Par.
1659 4236 1800 4296 Ald.
1831 4179 2026 4296 Uocc-
2053 4236 2131 4297 A.
2153 4235 2320 4296 Laid.
2348 4235 2421 4297 B.
2449 4236 2609 4317 Aug.
2639 4239 2718 4298 Δ.

486 4321 611 4384 -Δ.;
637 4331 745 4393 pro
763 4314 1001 4394 vulgato
1029 4316 1383 4393 ἠνεμόεσσαν
1404 4317 1559 4376 edidi
1660 4316 1730 4376 B.
1762 4316 1895 4375 Par.
1943 4316 2022 4376 A.
2047 4338 2085 4378 a
2130 4337 2209 4377 ιιι.
2243 4338 2334 4398 pr.
2366 4318 2557 4379 vatic.
2644 4317 2717 4378 In

505 4395 886 4472 ἀνεμόεσσαν,
916 4408 981 4455 ut
1096 4396 1178 4455 th.
1221 4415 1264 4465 1,
1302 4399 1398 4454 92.
1429 4399 1560 4455 ἀνι·
1662 4395 1918 4474 Guelph.
1961 4418 2138 4477 supra
2170 4399 2382 4461 lineam
2424 4400 2584 4461 allita
2618 4397 2716 4457 lit-

504 4474 664 4548 μόεν,
709 4493 784 4532 ex
838 4475 976 4535 Ald.
1086 4491 1192 4537 ott.
1242 4474 1434 4536 Mosc-
1460 4478 1557 4535 0A.
1664 4492 1785 4536 tera
1812 4478 1912 4554 μ.”
1993 4480 2292 4542 ΒοοΙεΙιόιιε.
