3032 4898
34 2 75 457 .-,,,,-

1184 458 1619 514 ramum.
2317 441 2478 517 *x*-

355 631 954 722 Quaerentibus,
1003 635 1191 733 quid
1225 646 1526 714 exteras
1581 638 1784 714 inter
1812 646 2084 738 gentes
2117 640 2488 718 eruditis-

240 755 437 832 simi
504 759 605 833 de
656 759 1019 834 Deme-rio
1076 760 1481 850 senserint,
1528 784 1986 861 responsum
2050 764 2232 842 dare
2285 776 2486 842 tem·-

238 883 479 979 poris
512 883 819 958 ratione
860 882 1205 961 adhibita
1259 886 1447 961 mihi
1501 911 2095 988 proposueram3
2150 892 2285 966 sed
2329 890 2483 967 hoc

236 1004 529 1082 labore
594 1007 889 1083 frustra
973 1019 1343 1110 suscepto
1423 1015 1828 1090 commode
1912 1017 2477 1114 supersedeam.

240 1131 505 1229 Apud
536 1141 924 1208 nostrates
970 1134 1532 1235 Mag-muium,
1585 1140 2101 1239 Tyrwhittm,
2149 1151 2231 1218 et
2284 1143 2480 1218 Pon-

238 1279 519 1329 m
568 1256 1142 1355 compellarem,
1186 1283 1382 1357 quos
1435 1263 1894 1360 gravissima
1960 1265 2484 1357 Valckenam'i,

244 1380 653 1470 Rev-coni,
725 1382 1041 1470 Koenii,
1116 1394 1199 1459 et
1262 1385 1717 1476 Ruhnkenii,
1806 1387 2197 1466 firmarent
2256 1392 2480 1467 testi-

252 1506 588 1582 monia:
638 1508 790 1583 nisi
825 1509 908 1583 in
959 1532 1045 1584 re
1102 1532 1258 1584 non
1290 1507 1528 1583 dubia
1558 1508 1887 1583 testibus
1937 1529 2095 1583 non
2135 1532 2486 1585 necessa-

266 1630 419 1705 riis
454 1631 576 1705 uti
606 1631 930 1708 viderer.
1038 1634 1144 1710 Et
1176 1643 1437 1710 tamen
1468 1631 1599 1706 hic
1634 1640 1753 1706 est
1784 1630 2208 1718 Dawesins,
2250 1656 2488 1730 quem

274 1753 507 1831 vafer
532 1754 673 1831 iste
702 1756 1071 1833 Rei-skins
1102 1781 1266 1859 proe
1297 1781 1381 1833 se
1414 1755 1870 1846 contemnit,
1916 1755 2253 1855 sugillat,
2305 1780 2485 1833 eon-

269 1879 554 1956 cnlcat.
664 1880 843 1971 Sed,
874 1906 1039 1972 oro,
1089 1904 1503 1983 parumper
1534 1879 1919 1969 attendas,
1954 1890 2048 1955 ut
2082 1879 2338 1980 ipsum
2383 1904 2486 1957 ex

266 2028 421 2082 mo
452 2006 836 2082 narrantis
893 2030 1027 2083 ore
1077 2009 1522 2083 audiamus:
1577 2014 1629 2047 “
1661 2004 1781 2079 De
1834 2010 2152 2094 cetero‚”
2200 2006 2482 2106 inquit,

268 2141 323 2173 ‘⁴
354 2130 750 2229 intelligas
807 2140 895 2207 et
948 2155 1049 2207 ex
1106 2132 1257 2208 isto
1326 2133 1648 2209 conatu”
1709 2132 2074 2227 [Maeoni
2103 2132 2482 2230 vertenda]

269 2262 323 2297 “
354 2262 445 2330 et
496 2277 598 2330 ex
654 2255 850 2354 ipso,
898 2276 1129 2352 quem
1189 2255 1710 2345 lustrabimus,
1757 2256 1955 2335 libro
2011 2257 2489 2333 Miscellane-

274 2402 492 2454 onm
565 2377 1040 2469 criticorum,
1122 2380 1401 2459 Autori
1466 2392 1746 2460 natura
1829 2382 2228 2483 ingenium
2291 2380 2488 2458 ludi-

282 2503 727 2603 magistrale
750 2504 1188 2604 contigisse.
1251 2506 1561 2604 Regnat
1579 2505 1663 2579 in
1693 2528 1788 2580 eo
1818 2504 2487 2602 grammaticarum

280 2627 785 2706 minutiarum
836 2628 1343 2706 immodicum
1408 2626 1780 2715 studium,
1849 2649 2057 2725 saepe
2109 2625 2488 2704 inutiliter

289 2752 657 2828 collocata
694 2753 1091 2841 sedulitas,
1138 2751 1384 2828 fastus
1425 2751 1780 2828 immanis
1837 2760 1920 2827 et
1951 2750 2482 2843 intolerabilis,

290 2877 371 2952 in
404 2889 697 2955 ceteros
745 2878 1036 2979 passim
1081 2878 1502 2955 desaeviens
1537 2876 1848 2953 maximi
1882 2876 2211 2953 nominis
2243 2878 2480 2967 viros,

281 3004 416 3079 sed
474 3005 870 3105 praecipue
905 3003 988 3079 in
1036 3002 1512 3081 Rufe-bardum
1561 3010 1643 3078 et
1686 3000 2038 3077 Thomam
2069 3000 2487 3091 Bentleioffi

280 3137 361 3203 et
393 3128 569 3204 Jos.
597 3129 1071 3218 Bamest’um,
1106 3126 1515 3204 vehemens
1552 3127 1631 3201 in
1667 3149 1750 3201 re
1782 3126 2078 3203 minimi
2111 3129 2483 3203 momenti

285 3253 728 3342 commotio,
776 3275 1301 3352 novarumque
1348 3251 1823 3352 opinionum,
1872 3247 2080 3328 haud
2111 3276 2286 3329 raro
2317 3275 2488 3352 per·

284 3402 523 3476 quam
579 3378 1222 3478 improbabilium,
1270 3373 1545 3452 saltem
1599 3372 2088 3460 incertarum,
2154 3374 2488 3471 denique

287 3525 441 3577 usu
497 3503 953 3593 carentium,
1021 3500 1406 3579 affectatio
1461 3508 1544 3575 et
1603 3497 1990 3597 impotens
2044 3494 2370 3594 jactatio
2393 3499 2490 3574 ³3·

294 3626 824 3724 Quisquamne
866 3628 1015 3705 hoc
1062 3630 1159 3705 de
1193 3623 1554 3703 Dawesio
1596 3621 1900 3696 dictum
1950 3617 2266 3694 credat?
2365 3620 2489 3699 Ne

295 3748 469 3846 quis
494 3761 748 3828 catum
780 3754 1018 3830 istum
1050 3770 1444 3829 censorem
1470 3745 1725 3822 minus
1759 3743 1962 3819 bona
1991 3743 2142 3820 fide
2174 3745 2488 3846 loquen-

373 3981 431 4036 8.
474 3975 629 4038 Aeta
670 3975 839 4057 Lips.
898 3979 1074 4040 1750.
1118 3997 1219 4058 pp.
1249 3978 1391 4046 411,
1432 3976 1532 4033 12.
1611 3977 1651 4007 ‘⁸
1679 3970 1881 4056 Hujus
1907 3971 2259 4035 recensionis
2283 3984 2487 4035 aueto-

142 4125 147 4130 .
289 4097 414 4140 rem
454 4098 522 4141 se
556 4080 866 4160 prusenus
916 4092 1009 4141 est
1061 4079 1123 4140 in
1164 4075 1787 4139 Animadversionibus
1832 4077 1911 4139 ad
1952 4075 2260 4158 Aristopb.
2325 4076 2488 4137 Plut.

288 4181 445 4244 886⁹·
506 4181 600 4263 [et
644 4184 710 4244 in
755 4182 937 4244 Praef.
972 4182 1192 4264 oppido
1216 4181 1681 4252 luculentissima
1723 4181 1802 4243 ad
1844 4181 2394 4242 Animadversionem
2424 4178 2486 4240 in

282 4283 703 4368 Sophoclem}
730 4287 1090 4370 Burgenae.
1134 4286 1307 4351 Cous.
1335 4305 1572 4369 quoque
1593 4287 1887 4351 Burmann
1932 4285 2007 4349 ad
2032 4281 2484 4362 Ari-tomen

280 4391 551 4473 Bergkri
574 4414 637 4474 p.
679 4396 779 4454 16.
