3032 4898
1391 398 1539 466 265

353 585 706 662 Secunda
737 588 958 684 dabit
986 587 1107 661 vel
1142 592 1410 663 Πολλοι
1452 592 1719 671 xcv-erm
1767 595 2038 662 contra
2066 610 2557 666 numerorum
2601 601 2785 657 secr:

351 685 750 774 rationem,
799 688 925 761 vel
958 686 1250 761 nullum
1282 688 1381 761 ad
1429 689 1636 788 quod
1684 690 1932 760 πολλοι
1980 688 2350 762 referatur
2384 712 2550 762 ver·
2632 673 2718 722 w·

349 785 559 859 bum.
668 787 790 861 Ex
845 785 1073 861 tertia
1116 786 1446 882 denique
1506 786 1949 861 habebimus
2011 787 2240 868 ἅξαντε
2298 786 2552 886 ἅρματα

319 885 474 980 ινεὶ
504 884 793 960 simile:
848 885 1004 958 bini
1033 910 1191 958 cum
1190 885 1628 984 fregissent
1646 885 1913 985 plures
1946 910 2226 961 curm-5.
2298 947 2309 957 .

456 1024 498 1064 *
549 1026 954 1095 507.-·επει
988 1024 1190 1094 λιπον
1239 1019 1451 1119 ἅρματ’
1501 1023 1846 1116 annuerunt]
1937 1022 2089 1096 Hic
2129 1022 2360 1096 etiam
2403 1043 2557 1096 res·
2584 1037 2723 1105 151

352 1117 795 1194 cribendum
847 1119 1028 1218 ἅρμα·
1073 1117 1397 1192 ‹inanes-«ov.
1501 1120 1809 1217 Quippe
1864 1122 1959 1194 de
2012 1121 2236 1194 unico
2291 1122 2559 1218 Sarpe-

349 1216 569 1292 donis
619 1243 846 1293 curru
904 1217 1182 1316 agitur.
1288 1219 1671 1295 Caeterum
1733 1217 2028 1292 ᾰνακτων
2087 1220 2555 1307 dmuinorum,

349 1317 804 1415 Sarpedonis
839 1326 919 1393 et
950 1317 1258 1415 aurigae.

452 1459 624 1527 523.
711 1459 910 1528 Αλλῑι
976 1488 1055 1527 συ
1130 1486 1251 1550 περ
1287 1531 1295 1538 ,
1338 1488 1445 1546 μοι
1515 1455 1684 1536 ἅναξ
1764 1457 1908 1528 τοδε
1982 1488 2293 1554 καρτερον
2361 1455 2554 1538 ἕλκος

351 1555 658 1646 meent]
713 1554 920 1649 Lege
974 1555 1174 1626 Αλλα
1237 1586 1317 1625 συ
1372 1586 1492 1651 περ
1555 1560 1694 1627 ME
1774 1554 2144 1635 ἅναξ-Αἰ
2192 1553 2556 1650 syntaxis,

351 1650 677 1747 inquies,
739 1652 885 1726 ista
953 1686 1026 1747 με
1103 1652 1300 1733 ἕλκος
1362 1684 1623 1725 neeman·
1692 1675 2065 1749 nusquam
2135 1661 2548 1748 comparet.

352 1747 540 1824 Non
589 1749 937 1826 diffiteor.
1040 1751 1189 1824 Sed
1235 1774 1484 1849 neque
1546 1774 1866 1848 usquam
1926 1751 2105 1826 alibi
2167 1761 2556 1848 comparet

353 1849 589 1924 altera
633 1884 741 1940 μοι
785 1852 976 1932 ἕλκος
1029 1883 1317 1923 unwan.
1424 1850 1750 1924 Proinde
1804 1851 1867 1923 si
1916 1873 2012 1923 ex
2058 1850 2557 1923 constructio·

354 1946 471 2021 nis
528 1949 876 2047 analogia
932 1948 1122 2022 nihil
1168 1948 1599 2036 haberetur,
1649 1949 1855 2045 quod
1900 1948 2104 2022 illam
2148 1949 2555 2022 lectionem

351 2045 529 2122 huic
584 2071 748 2123 esse
798 2047 1367 2123 anteferendam
1410 2047 1805 2136 indicaret,
1853 2071 2013 2122 rem
2067 2047 2347 2145 alioqui
2393 2071 2550 2121 am-

348 2146 659 2243 biguam
702 2147 1206 2223 determinare
1241 2147 1555 2221 deberet
1608 2148 2028 2245 prosoediae
2076 2147 2294 2221 ratio.
2403 2147 2551 2220 Ve-

349 2269 519 2320 rum
570 2247 713 2321 hac
759 2248 855 2322 de
899 2270 984 2321 re
1030 2245 1477 2342 neutiquam
1530 2248 1705 2321 silet
1757 2245 2343 2320 constructionis
2376 2267 2553 2318 ana-

350 2344 574 2442 logia.
714 2347 915 2421 Nam
995 2347 1228 2420 Verba
1294 2350 1542 2427 ουταζω
1629 2355 1706 2419 et
1780 2347 2053 2440 βαλλω,
2137 2367 2311 2440 quae
2380 2367 2557 2417 cum

355 2445 580 2520 unico
659 2469 1003 2543 personae
1075 2444 1516 2520 accusativo
1600 2445 1875 2541 saepius
1964 2441 2557 2539 conjunguntur,

353 2545 560 2641 quod
610 2544 876 2619 itidem
920 2546 1153 2620 verbo
1198 2577 1460 2636 ακεομαι
1514 2566 1658 2617 usu
1712 2543 1968 2627 venit3
2026 2565 2201 2615 cum
2250 2542 2557 2638 gemino

354 2662 894 2740 nonnunquam
975 2643 1463 2728 accusativo;
1548 2664 1889 2740 personae
1967 2641 2231 2726 altero,
2317 2640 2556 2714 altero

353 2741 580 2915 νοοέἓ
601 2742 819 2828 ἕλκος,
868 2767 1045 2818 cum
1076 2743 1335 2816 dativo
1369 2764 1554 2816 vero
1587 2764 1966 2838 nusquam
1998 2746 2558 2815 construuntur.

359 2846 443 2915 E.
587 2847 654 2913 1.
2540 2872 2563 2881 ·

589 2975 748 3059 Λῐην
783 2950 1075 3075 ἀχθομω
1131 2984 1462 3061 ΕΛΚΟΣ,
1520 2985 1581 3050 o
1638 2983 1778 3051 ME
1826 2980 2080 3078 epm«.-
2131 2981 2557 3049 οΥΓΑΣΕΝ

854 3075 1044 3174 ἁνηρ.
1102 3076 1197 3169 [f.
1229 3083 1598 3150 ΟΥΤΑΣΕ
1632 3077 1746 3170 ἐξ]

355 3218 526 3289 795.
582 3217 889 3330 ΕΛΚΟξ
961 3222 1406 3311 avoth-xoium,
1484 3219 1605 3286 ΤΟ
1660 3218 1839 3286 MIN
1906 3217 2144 3285 BAAE
2210 3215 2558 3309 Πανδαρος

855 3343 875 3383 ι
938 3365 956 3383 .

450 3455 529 3522 Τ.
571 3343 930 3522 lah—0¹1⁸:
981 3477 1042 3517 οι
1115 3443 1316 3528 αεῖκες
1374 3477 1722 3534 ανασσεμεν
1792 3439 2163 3539 Αργειόισι]
2243 3437 2557 3532 Repone

355 3580 524 3620 -εν
577 3553 634 3618 Α
732 3544 912 3618 abun
961 3541 1285 3618 ἄνασσαν.
1391 3545 1586 3618 Nam
1624 3551 1702 3617 et
1734 3540 1898 3613 haec
1955 3534 2316 3631 loquendi
2360 3535 2555 3609 ratio

354 3645 596 3743 probe
709 3643 1043 3718 omerica
1075 3652 1195 3717 est
1232 3650 1383 3715 ΟΔ.
1423 3649 1513 3715 Η.
1552 3648 1781 3714 62.-

753 3765 829 3849 oc
879 3773 1001 3840 ΕΝ
1054 3770 1388 3839 ΦΑῙΗΞΙ
1442 3765 1902 3838 ΑΝΑΣΣΕΝ.

454 3904 500 3949 *
535 3908 621 3976 Υ.
654 3908 777 3976 67.
835 3908 1005 3974 Ητοι
1069 3933 1180 3989 μεν
1256 3932 1388 3998 γαρ
1440 3931 1668 3972 evam-a
1723 3895 2168 3975 Ποσειὸαωνος
2227 3895 2551 3986 ανακτος]
2584 3903 2728 3973 152

357 4000 731 4095 Equidem
766 4001 835 4075 si
869 4002 1124 4074 locum
1166 3999 1370 4073 hunc
1421 4000 1519 4071 ab
1569 3997 1904 4070 Homero
1937 3992 2369 4091 profectum
2400 4014 2558 4066 cre·

357 4098 636 4188 derem,
679 4100 836 4175 levi
872 4099 1057 4174 satis
1089 4098 1399 4195 negotio
1434 4095 1748 4172 rescribi
1779 4100 2061 4191 posset,

662 4243 835 4311 Ητοι
866 4270 979 4332 μεν
1012 4270 1096 4336 pn
1128 4235 1413 4319 ἄνακτος
1448 4268 1676 4308 svnt-m
1712 4229 2179 4310 Ποσειδάωνος.

356 4371 644 4449 Verum
703 4370 787 4445 in
850 4371 996 4448 hac
1057 4372 1395 4448 Deorum
1468 4391 1733 4469 pugna
1797 4366 2021 4462 plura
2076 4355 2561 4459 reperiuntur

1654 4512 1713 4561 u
1748 4509 1826 4559 m
