3032 4898
1487 396 1633 464 234

264 600 443 650 ⁸801·-
470 586 573 662 At
607 589 810 663 enim
863 590 929 663 si
966 589 1212 664 Groeci
1271 590 1637 665 sermonis
1697 588 2030 662 indolem
2076 587 2669 684 perspectiorem

309 665 393 712 iv.

468 686 882 776 habuisset,
931 690 1288 765 sensisset
1340 713 1609 764 vocem
1644 693 1929 762 ΑΡΥΤΟ
1989 685 2312 759 articulo
2350 686 2671 759 destitu-

470 793 629 859 tam
687 786 834 860 loci
875 788 1328 861 sententiam
1382 789 1665 861 nullam
1726 785 2042 860 efficere.
2141 784 2263 857 Ne
2321 807 2417 856 ue
2471 784 2673 857 enim

471 917 690 970 amoc,
743 885 891 958 nisi
927 909 1100 959 cum
1136 885 1458 960 articulo
1493 884 2011 981 conjunctum,
2052 881 2244 954 idem
2354 905 2674 979 usquam

471 983 805 1057 denotat.
946 984 1243 1058 Deinde
1308 984 1495 1057 mihi
1581 983 2067 1058 vehementer
2132 989 2490 1078 suspecta
2553 991 2674 1053 est

472 1080 869 1178 scripturae
929 1082 1150 1156 istius
1197 1089 1484 1156 Ar-'YTO
1560 1082 1771 1167 fides,
1853 1080 2141 1177 quippe
2218 1103 2397 1154 cum
2453 1112 2674 1164 amoc,

472 1177 587 1253 uti
639 1179 866 1254 hodie
924 1180 1345 1267 scribimus,
1425 1181 1507 1255 in
1562 1180 1908 1255 omnibus
1952 1176 2263 1251 Graeciae
2333 1176 2674 1251 dialectis

471 1287 846 1374 perpetuo
882 1278 986 1352 sit
1021 1279 1435 1375 disyllaba3
1489 1303 1643 1352 non
1678 1300 2013 1377 possum,
2068 1275 2252 1372 quin
2286 1275 2469 1348 mihi
2504 1297 2674 1371 per-

473 1377 855 1463 suadeam,
878 1377 1238 1473 primitus
1266 1386 1658 1451 exaratum
1692 1377 1926 1449 fuisse
1953 1382 2173 1448 ΑΓ-ΤΟ
2194 1371 2269 1461 ⁶⁷,
2297 1407 2373 1445 το
2406 1381 2469 1445 Υ
2490 1395 2674 1447 vero

474 1497 520 1547 a
551 1476 972 1548 recentiore
1007 1499 1236 1549 man-u
1288 1477 1785 1573 adscriptum,
1834 1498 1987 1570 quo
2034 1473 2493 1546 indicaretur
2539 1495 2675 1568 po-

473 1579 711 1646 testas
757 1573 1134 1649 elemento
1181 1588 1224 1646 F·
1268 1572 1428 1669 jam
1484 1574 1728 1648 rarius
1775 1571 2205 1648 occurrenti
2248 1571 2672 1646 tribuenda.

477 1669 712 1745 Porro
781 1680 1038 1745 autem
1102 1671 1471 1766 reliquam
1548 1672 2062 1768 inscriptionis
2137 1680 2455 1767 partem,
2522 1675 2678 1741 AN-

477 1775 758 1842 ΔΡῙΑΣ
837 1776 991 1842 ΚΑΙ
1065 1776 1184 1842 ΤΟ
1260 1777 1649 1857 ΣΦΕΛΑΣ,
1698 1793 2094 1867 perperam
2154 1767 2676 1865 repraesentari

478 1865 862 1942 confirmo.
966 1867 1309 1941 Postulat
1345 1869 1611 1964 utique
1644 1868 2009 1942 sermonis
2046 1868 2277 1941 soluti
2323 1867 2540 1954 ratio,
2590 1877 2678 1939 ut

478 1963 844 2038 articulus
878 1964 1051 2038 voci
1110 1974 1269 2039 tam
1314 1969 1585 2063 ανὸριας
1632 1990 1863 2064 quam
1895 1971 2140 2060 σφελας
2175 1965 2672 2062 praeficiatur3

313 2065 454 2134 133
479 2069 566 2132 ut
602 2060 792 2135 adeo
827 2064 1098 2135 evadat
1132 2061 1168 2135 ὅ
1204 2066 1469 2159 ανδριας
1489 2062 1544 2104 ⁶⁸
1599 2068 1644 2112 ⁴*
1678 2098 1784 2138 και
1818 2099 1894 2137 το
1928 2069 2175 2158 σφελας
2202 2089 2222 2149 ;
2277 2076 2414 2139 aut
2445 2064 2677 2138 etiam

478 2158 727 2232 adhuc
782 2161 1023 2234 multo
1079 2162 1504 2248 rotundius,
1578 2161 1616 2235 ὃ
1673 2197 1741 2236 τε
1798 2166 2061 2258 ανὸριας
2116 2196 2223 2235 και
2277 2197 2356 2237 το
2410 2167 2675 2257 σφελας.

481 2255 892 2354 Inscriptio
925 2267 1203 2346 autem,
1262 2271 1493 2356 prout
1538 2261 1764 2360 hodie
1800 2261 2226 2348 exhibetur,
2281 2262 2362 2335 in
2397 2262 2681 2336 nullam

477 2356 704 2429 metri
757 2357 1089 2454 speciem
1145 2359 1373 2433 cadit.
1483 2359 1751 2457 Itaque
1796 2360 2106 2435 tandem
2157 2361 2680 2459 reponendum

479 2476 788 2530 censeo:

580 2584 698 2651 TO
766 2588 1274 2753 Apfggssffiaezo
1350 2590 1521 2659 EMI
1578 2593 1639 2658 Ο
1689 2593 1806 2660 TE
1876 2590 2281 2659 ΑΝΔΡΙΑΣ
2352 2587 2511 2659 ΚΑΙ
2556 2587 2677 2655 ΤΟ

479 2810 555 2882 h.
617 2834 684 2883 e.
743 2813 806 2883 si
868 2823 1326 2909 potestatem
1385 2829 1709 2915 spectes,
1775 2827 1894 2893 ΤΩ
1948 2827 2168 2894 ΑΡΤΩ
2221 2824 2443 2890 ΛΙΘΩ
2497 2823 2681 2889 HMI

488 2914 548 2980 O
598 2914 713 2981 TE
738 2950 837 2964 —
864 2912 1053 2992 Quae
1121 2914 1520 3011 scriptura,
1568 2919 1752 3014 quin
1803 2943 2163 3015 germana
2220 2918 2345 3003 sit,
2420 2917 2674 3001 faciet,

485 3003 781 3101 opinor,
838 3010 1044 3103 quod
1099 3013 1614 3108 superioribus
1641 3014 1802 3112 jam
1856 3016 2294 3112 adjecturus
2348 3038 2540 3101 sum,
2593 3023 2681 3086 ut

483 3126 704 3177 nemo
740 3104 1098 3204 deinceps
1146 3110 1466 3185 dubitet.
1578 3115 1873 3212 Nempe
1937 3116 2321 3192 breviores
2374 3111 2681 3208 inscrip-

484 3201 728 3276 tiones
776 3214 1021 3278 metro
1056 3205 1210 3280 fere
1243 3207 1496 3304 aliquo
1533 3213 1885 3286 concludi
1929 3214 2222 3287 solent:
2274 3235 2367 3285 eo
2401 3220 2680 3295 autem,

485 3322 637 3396 quo
694 3299 856 3397 jam
925 3303 1428 3392 exhibuimus,
1510 3310 1739 3384 modo
1798 3311 2221 3408 perfectum
2304 3310 2682 3384 senarium

482 3398 869 3488 habemuS,
918 3402 1026 3477 sic
1065 3402 1329 3499 utique
1366 3407 1985 3505 concipiendum:

779 3544 1040 3611 Tawro
1076 3543 1186 3611 λιθ
1219 3573 1300 3631 ημ
1336 3538 1373 3612 ὃ
1409 3574 1444 3613 τ
1480 3544 1747 3642 ανὸριας
1793 3579 1898 3618 και
1933 3578 2006 3617 το
2043 3551 2284 3639 σφελας
2307 3544 2361 3591 ⁶⁹

563 3756 677 3809 436.
741 3754 913 3814 Cous.
987 3759 1179 3817 Valck.
1245 3761 1322 3820 ad
1385 3762 1529 3823 Eur.
1632 3765 1770 3825 tisse
1807 3766 1988 3827 literis
2040 3766 2219 3826 MSS.
2262 3785 2354 3824 me
2381 3765 2684 3823 certiorem

484 3828 594 3888 Pb.
626 3836 760 3890 927.
795 3834 870 3890 R.
898 3836 976 3894 P.
1007 3837 1086 3895 ad
1131 3837 1282 3897 Hec.
1332 3847 1526 3900 299==
1631 3844 1821 3903 fecit.''
1892 3848 2037 3905 1³0oe
2082 3847 2158 3903 ad
2211 3843 2479 3917 Inscript.
2546 3839 2681 3898 Del.

483 3913 624 3966 29⁶·
1631 3923 1690 3980 in
1719 3924 1878 3983 Mu».
1906 3925 2048 3982 crit.
2079 3922 2212 3981 von.
2240 3939 2304 3978 11.
2330 3939 2390 3994 p.
2419 3922 2559 3974 392.

564 3990 662 4047 67.
706 3990 743 4019 “
772 3985 1155 4063 Sculptorem,
1185 4014 1316 4053 cum
1347 3998 1530 4057 incer·
1715 4007 1811 4059 68.
1858 4003 2036 4078 Finge
2082 3999 2258 4058 modo
2309 3994 2565 4070 ἀνδριὰς,
2619 3994 2681 4053 id

482 4078 578 4124 tus
608 4066 855 4123 haereret
880 4086 952 4124 au
980 4068 1173 4129 ΑΡΤΟ
1201 4092 1361 4132 more
1385 4080 1533 4135 anti·
1630 4094 1737 4147 est,
1802 4081 2023 4138 AEolice
2073 4076 2330 4151 ἀνδριὰς,
2376 4088 2437 4132 et
2488 4074 2683 4132 omnia

479 4145 686 4280 guiori,
715 4143 803 4202 vel
824 4150 1019 4203 ΑΥἸῸ
1049 4150 1250 4207 seriori
1277 4154 1533 4214 scriben-
1631 4157 1817 4234 plana.

524 4244 620 4282 um
687 4237 858 4293 esset,
947 4239 1252 4302 utramque
1304 4228 1529 4293 literam
1712 4241 1809 4293 69.
1836 4235 1986 4294 Vide
2006 4234 2082 4294 R.
2103 4236 2178 4295 Β.
2201 4232 2442 4294 Meadio
2458 4252 2518 4310 p.
2540 4236 2679 4289 253.

471 4301 803 4361 adhibuisse
836 4316 1000 4380 putat
1040 4304 1370 4381 Knightius,
1412 4330 1529 4387 qua
1628 4328 1686 4371 et
1726 4315 1903 4383 RD.
1950 4317 2008 4374 in
2050 4314 2323 4394 Append.
2376 4333 2434 4392 p.
2488 4310 2683 4371 19·—

477 4381 756 4443 seuteutia
801 4381 1123 4443 Porsonum
1150 4404 1380 4461 quoque
1408 4400 1523 4446 ste-
1628 4392 1765 4450 21⁶.

1979 4505 2043 4560 ll
