3032 4898
268 612 444 667 Stc'l'.

333 677 375 723 1.

262 774 467 825 ¹>*——

325 1230 423 1297 22

1539 401 1637 466 50

490 590 669 686 Pag.
708 595 827 661 84.
863 587 912 660 1.
952 592 997 659 7
1040 588 1085 680 [
1118 621 1205 646 =
1231 584 1788 676 2214-2217.]

587 710 745 785 Est
769 736 796 781 .·
851 708 989 783 sed
1012 707 1328 781 trochaeo
1348 706 1578 804 longa
1593 705 1820 802 prior
1853 723 1991 775 ns‘r
2024 698 2338 796 cymba,

589 807 865 881 Brevis
896 817 1132 879 autem
1165 805 1414 878 iambo
1444 831 1462 888 ;
1516 804 1742 900 longa
1762 809 1943 899 post
1968 828 1993 873 .·
2055 800 2173 871 cui
2211 824 2351 871 non
2367 808 2624 898 potest

592 906 934 1002 Longam
966 903 1320 976 trocheus
1350 902 1659 975 subdere
1680 910 1755 973 et
1787 900 2064 972 brwem
2095 919 2293 983 suas,
2645 898 2652 907 '

590 1002 831 1077 Brevi
864 1011 1273 1098 sequente;
1327 1001 1507 1097 quia
1515 1001 1627 1094 fit
1656 1000 1791 1072 hoc
1820 996 2202 1088 ionicum]

496 1135 618 1208 Ita
650 1135 1167 1233 refingendum
1194 1133 1398 1207 hunc
1419 1133 1678 1207 locum
1702 1152 2118 1205 censemus.
2225 1123 2471 1221 Vulgo
2498 1123 2694 1198 desi-

494 1234 799 1308 deratur
830 1234 911 1307 in
942 1234 1188 1332 primo
1221 1253 1446 1306 versu
1481 1231 1804 1305 alterum
1835 1239 1967 1302 est.
2073 1228 2164 1299 In
2192 1225 2419 1298 tertio
2455 1224 2496 1264 ⁸
2519 1247 2695 1296 suas

492 1332 896 1407 maluimus
928 1354 1158 1428 quam
1185 1354 1413 1418 mm,
1440 1330 1611 1404 loco
1636 1327 2012 1403 simillimo
2037 1322 2346 1400 adducti
2370 1346 2540 1420 pag.
2569 1328 2691 1394 86.

492 1430 543 1503 1.
585 1437 679 1505 19
717 1433 761 1522 ιζ
782 1466 872 1492 =
903 1436 1126 1514 2286,
1159 1431 1427 1523 2282]

928 1551 1056 1648 qui
1088 1552 1393 1624 brevem
1427 1558 1506 1623 et
1538 1550 1843 1645 longam
1875 1570 2051 1621 suas

594 1649 937 1748 szgens
949 1647 1206 1747 priori

502 1768 592 1843 In
680 1770 949 1843 ultimo
1032 1769 1317 1866 legitur
1400 1768 1824 1864 sequentias
1871 1790 2041 1865 qua,
2135 1773 2215 1838 et
2298 1763 2694 1838 iambicam.

498 1869 829 1940 Ionicum
874 1890 970 1949 ex
1014 1867 1241 1940 variis
1288 1866 1753 1940 ·lectionibus
1802 1864 2293 1939 restituimus.
2397 1862 2548 1935 Sed
2597 1883 2698 1933 ne

499 1965 645 2038 hoc
681 1963 985 2060 quidem
1017 1965 1113 2036 ad
1148 1963 1544 2060 pristinam
1571 1966 1829 2038 sedem
1861 1970 2217 2037 revocato
2252 1961 2403 2034 ulla
2433 1958 2700 2033 haberi

500 2063 756 2159 potuit
834 2062 1227 2149 sententia,
1309 2063 1389 2134 ni
1452 2064 1819 2160 sequentis
1883 2062 2147 2135 itidem
2213 2061 2294 2133 in
2358 2067 2701 2157 sequoente

499 2167 794 2233 mutata
841 2168 1058 2234 esset.
1170 2160 1362 2247 Quia
1419 2171 1677 2235 autem
1730 2161 2199 2234 commodius
2256 2182 2417 2236 esse
2469 2179 2700 2254 quam

501 2256 899 2355 vulgatum
921 2284 1067 2356 qua
1098 2281 1345 2345 nemo,
1372 2258 1670 2355 opinor,
1701 2258 1987 2334 inficias
2013 2260 2180 2332 ibit.
2205 2260 2254 2297 ⁴¹
2321 2338 2342 2347 „

504 2403 684 2500 Pag.
726 2409 845 2478 so.
881 2403 929 2476 1.
974 2410 1064 2478 13
1104 2408 1263 2500 [=
1293 2407 1859 2501 2367—2370.]

615 2525 697 2598 U
689 2536 989 2624 tra-sque
1018 2527 1308 2626 quando
1341 2527 1676 2613 solveris,
1721 2527 1832 2602 nil
1861 2525 2155 2601 laeditur
2174 2553 2200 2598 .·

600 2625 829 2705 Quod
865 2634 1033 2720 agis
1070 2634 1215 2721 age
1250 2625 1503 2699 beatus
1537 2626 1666 2697 ille
1694 2628 1822 2724 qui
1837 2627 2114 2725 procul
2136 2627 2497 2725 negotiis:

598 2724 934 2794 Auctore
966 2733 1168 2795 tanto
1198 2725 1419 2796 credo
1450 2749 1563 2797 me
1596 2727 2009 2823 tutumfore
2029 2752 2060 2807 ,·

598 2817 719 2889 Et
734 2843 891 2916 pro
924 2821 1157 2892 iambo
1188 2846 1386 2894 nemo
1417 2823 1660 2919 culpet
1690 2824 2184 2919 tribrachym]

500 2949 781 3025 Versus
815 2952 1125 3028 ultimus
1169 2954 1324 3028 suis
1368 2978 1524 3029 non
1583 2965 1883 3032 constat
1939 2958 2296 3032 numeris.
2398 2953 2698 3029 Deinde

500 3049 687 3145 quid
721 3051 866 3123 sibi
905 3053 1093 3138 vult,
1139 3053 1475 3140 obsecro,
1508 3079 1664 3152 pro
1719 3056 1951 3130 iambo
1986 3057 2410 3150 tribrachyn
2434 3059 2480 3127 Ρ
2579 3055 2698 3126 De

500 3168 728 3220 versu
755 3148 882 3223 hic
918 3151 1284 3224 trochaico
1316 3152 1479 3248 agit
1516 3154 2038 3230 Terentianus.
2146 3155 2235 3228 In
2259 3155 2405 3227 hoc
2437 3159 2697 3226 autem

494 3245 789 3320 nullum
854 3270 1019 3323 esse
1082 3249 1316 3322 iambo
1381 3250 1634 3324 locum
1701 3277 1854 3328 non
1925 3263 2041 3327 est
2107 3263 2197 3329 ut
2262 3273 2698 3350 quenquam

494 3344 877 3432 edoceam,
926 3347 1073 3422 nisi
1122 3348 1254 3444 qui
1314 3348 1432 3423 his
1484 3349 1566 3422 in
1616 3353 1888 3425 studiis
1941 3353 2166 3449 plane
2218 3352 2320 3426 sit
2373 3349 2693 3446 hospes:

494 3463 742 3540 neque
768 3446 957 3520 adeo
990 3456 1078 3521 ut
1108 3446 1453 3545 pluribus
1475 3459 1836 3546 praestare
1868 3461 2205 3549 satagam
2236 3448 2548 3526 rescribi
2571 3447 2696 3520 hic

497 3553 870 3638 oportere,

594 3675 714 3746 Et
729 3699 884 3773 pro
916 3679 1249 3756 trochaeo
1282 3706 1484 3757 nemo
1516 3681 1760 3781 σαφεῖ
1791 3684 2237 3782 tribrachyn.

499 3793 679 3891 Pag.
715 3801 839 3869 96.
875 3798 924 3870 1.
961 3806 1011 3873 9
1049 3804 1093 3895 [
1122 3838 1209 3864 =
1241 3809 1511 3901 2555.]

602 3916 749 3991 cm·
778 3942 1024 3994 nomen
1056 3947 1337 4023 quoque
1368 3927 1720 4003 Phalaeco
1752 3929 2146 4024 dederunt]
2175 3929 2228 3967 ⁴²

496 4285 739 4349 Cle-a·
775 4288 851 4349 de
1140 4335 1158 4353 .
1186 4294 1247 4354 G
1311 4316 1372 4373 p.
1406 4301 1522 4357 149
1725 4307 1822 4360 42.
1861 4302 2098 4361 Phanou
2122 4301 2263 4361 Ald.
2295 4300 2524 4359 Manut-
2547 4295 2694 4356 Imt.

498 4368 654 4429 1³43
739 4368 1544 4453 Ictzbuqmfltduobnqnon
1641 4376 2643 4459 omar-p.³36pauieon.n

1190 4481 1268 4539 1³
