3032 4898
1208 443 1637 496 nazarum.
2259 415 2514 497 *xxxv

392 617 631 694 Nunc
665 618 766 694 ad
800 618 1349 718 supellectilem
1380 643 1652 709 meam,
1699 616 1926 693 nimis
1977 613 2301 692 fortasse
2351 617 2516 693 exi-

289 743 472 833 lem,
511 748 591 821 in
626 746 1131 823 Miscellanea
1169 748 1457 823 Critica
1490 745 1837 823 devenio.
1936 742 2297 842 Inprimis
2332 767 2507 842 gra-

294 870 472 958 tias,
544 894 737 968 quas
798 896 1110 971 possum
1175 872 1568 959 maximae,
1640 895 1788 971 ago
1849 868 2324 943 Reverendo·
2372 868 2508 943 ad·

294 995 615 1070 modum
668 996 1243 1095 cultissimoque
1292 996 1478 1071 Viro
1534 995 1726 1070 mihi
1782 994 1865 1068 in
1918 991 2065 1068 hoc
2120 992 2501 1068 curriculo

292 1125 714 1214 praeeunte,
769 1117 904 1214 qui
962 1116 1384 1193 doctrinam
1417 1140 1614 1216 puro
1666 1116 1999 1216 quodam
2049 1127 2129 1192 et
2176 1118 2502 1193 candido

294 1241 603 1316 dicendi
649 1263 932 1340 genere
989 1241 1414 1339 conjunxit.
1518 1243 1770 1318 Multa
1814 1268 1951 1319 seu
1985 1244 2307 1333 minuta,
2357 1267 2500 1321 seu

294 1366 695 1441 recondita
714 1376 795 1442 et
814 1366 1172 1465 perutilia
1194 1367 1393 1466 stylo
1412 1368 1847 1467 perspicuo,
1870 1367 2220 1466 simplici,
2246 1366 2502 1442 nitido

299 1491 591 1566 evolvit
615 1491 683 1565 ⁸.
788 1491 940 1566 Sed
1000 1491 1610 1567 Heusrnnnusn
1665 1494 2044 1568 rationem
2094 1493 2501 1590 Originum

311 1612 765 1700 Graecarum,
786 1616 795 1623 '
820 1611 1103 1710 quibus
1156 1612 1589 1687 redundant
1637 1613 1786 1688 viri
1821 1614 2241 1690 doctissimi
2274 1624 2504 1705 notae,

307 1744 394 1810 et
428 1736 641 1833 quasi
671 1744 882 1811 extra
912 1734 1118 1833 ripas
1146 1734 1525 1824 diffluunt,
1552 1716 2156 1835 praetereundam
2190 1738 2502 1815 omnino

296 1860 494 1935 mihi
529 1861 731 1935 duxi.
828 1861 950 1935 Ab
982 1860 1201 1935 illius·
1238 1859 1541 1959 placitis
1590 1860 1670 1935 in
1706 1861 1849 1936 hac
1879 1887 1964 1938 re
1997 1887 2291 1939 summa
2322 1887 2501 1940 cum

292 1985 726 2061 reverentia
782 1985 1143 2061 abscedo..
1255 1984 1367 2058 Si.
1395 1984 1584 2059 mihi
1645 1986 1858 2084 loqui
1914 1987 2165 2076 liceat,
2218 2007 2496 2061 nomm

296 2112 597 2206 (utrum
649 2108 1191 2198 substantivum,
1259 2132 1358 2183 an
1410 2109 1870 2207 adjectivum,
1938 2121 2029 2187 ut
2081 2112 2322 2198 aiunt,
2389 2111 2499 2186 nil

294 2259 471 2313 mea
525 2234 813 2333 refert,)
889 2245 980 2310 ut
1035 2235 1189 2322 alii,
1252 2256 1418 2310 esse
1480 2235 1810 2311 radicem
1870 2236 2220 2324 dixerim,
2293 2233 2498 2309 unde

298 2363 537 2439 densa
588 2360 717 2435 illa
769 2359 1133 2437 orationis
1174 2358 1364 2434 silva
1395 2361 1796 2448 succrevit,
1849 2370 1929 2435 et
1964 2360 2091 2436 cui
2130 2357 2498 2435 succinne

294 2487 485 2562 eatis
506 2485 688 2560 laeta
706 2484 833 2559 illa
852 2482 1366 2585 propaginum
1384 2484 1682 2558 soboles
1700 2484 2045 2560 revocari
2073 2490 2397 2581 possunt
2419 2480 2496 2571 †.

300 2610 697 2710 Cogitanti
729 2633 912 2685 sane
965 2608 1236 2696 cuivis,
1292 2630 1528 2704 quam
1575 2605 1903 2680 fecunda
1951 2604 2060 2680 sit
2103 2603 2498 2677 nominum

310 2731 680 2820 materie&
739 2731 1177 2809 suboriatur
1234 2726 1574 2828 suspicio
1638 2754 1847 2806 voces
1897 2753 2293 2829 sensusque
2364 2725 2498 2805 illo

391 2935 423 2969 ⁶
490 2943 529 2972 ‘⁸
574 2936 839 2997 Tamus
927 2931 1353 3004 Buaozssmsss'
1435 2934 1699 3014 νεώτερός
1748 2937 1864 3015 εἶμι
1913 2939 2065 3006 Σεῖο,
2110 2934 2261 3001 ἄναξ
2303 2933 2495 2993 Μενέ-

300 3063 469 3122 quem
497 3043 736 3103 honoris
763 3060 969 3101 caussa
996 3039 1352 3100 nominatum

294 3147 451 3217 volo,
494 3153 535 3182 ‘⁸
561 3148 653 3207 vir
696 3145 873 3205 etiam
918 3144 1076 3223 apud
1123 3156 1350 3202 exteras

294 3269 501 3332 gentes
527 3250 870 3312 eruditionis
895 3248 1066 3308 laude
1092 3246 1351 3325 insignis,

290 3379 451 3418 nunc
544 3358 859 3438 episcopus
946 3350 1352 3413 Menevensis’'

290 3463 500 3540 (bodie
544 3457 1083 3536 sarisburiensis)‘
1091 3456 1353 3536 ‘dignis-

288 3567 537 3627 mm?
618 3564 833 3625 Βοιαὶ.
871 3563 952 3622 ad
996 3561 1189 3642 Reliq.
1237 3560 1352 3621 SS-

310 3671 435 3729 Vol.
480 3689 527 3730 1.
568 3691 674 3749 pp.
703 3673 839 3741 139,
867 3674 969 3728 40.
1040 3665 1181 3727 Non
1218 3687 1356 3747 pos·

303 3797 437 3838 num
459 3796 580 3837 non
606 3776 893 3836 recordari
920 3795 1041 3855 qua
1069 3773 1360 3833 modestia

297 3905 465 3945 uuam
490 3882 807 3943 editionem
826 3881 967 3942 viris
991 3878 1235 3940 eruditis
1254 3876 1356 3957 ju-

294 3988 603 4051 dicandam
660 3987 1031 4067 proposuerit
1056 4003 1072 4044 ε
1143 3988 1181 4018 “
1210 3981 1356 4042 For·

294 4112 449 4154 mse
475 4113 616 4153 vero
658 4111 1073 4171 nonnunquam
1125 4090 1356 4149 incaute

294 4201 465 4261 nimis
484 4213 547 4261 et
572 4199 937 4268 festinanter,
964 4209 1031 4256 ut
1047 4194 1300 4275 juvenis,
1321 4214 1360 4254 a

300 4305 437 4364 viri·
453 4304 635 4384 longe
652 4300 1015 4364 doctioribus
1042 4299 1353 4360 dissentio:

300 4407 513 4487 quibu·
545 4410 679 4470 haee
713 4406 1016 4468 Antilochi
1053 4407 1232 4467 verba
1261 4424 1357 4464 me

294 4527 581 4574 excusent
626 4511 807 4574 velim
876 4508 979 4591 [11.
1039 4513 1107 4588 ψ,
1163 4505 1359 4588 587..]

282 4620 547 4698 Ἀνσχιο
589 4624 715 4679 νῦν·
761 4616 986 4676 πολλὸν
1024 4620 1138 4694 γὰρ
1174 4613 1359 4688 ἔγωγε

1431 3042 1560 3110 Rae,
1602 3036 1672 3097 σι)
1713 3036 1772 3096 δὲ
1822 3039 2089 3116 πρότερος
2136 3039 2231 3094 καὶ
2267 3040 2494 3112 ἀρείων.

1432 3139 1621 3213 Οἶσθ,
1661 3137 1780 3201 οἶαι
1827 3144 1954 3201 νέου
1994 3140 2203 3218 ἀνδρὸς
2239 3136 2494 3218 ὑπερβα-

1436 3247 1557 3307 σίαι
1585 3250 1891 3308 τελέθουσι·
1936 3248 2360 3327 Κραιπνότερος
2384 3245 2496 3325 μὲν

1434 3355 1553 3433 γάρ
1578 3379 1638 3415 τε
1670 3357 1818 3426 νόος,
1859 3355 2039 3423 λεπτὴ
2069 3350 2131 3410 δέ
2155 3373 2216 3410 τε
2241 3346 2466 3427 μῆτις.”

1512 3463 1551 3524 †
1588 3463 1625 3492 ‘⁸
1648 3458 1711 3517 Si
1743 3456 2158 3537 grammaticos
2184 3450 2371 3521 audis,
2402 3452 2494 3510 κό-

1434 3587 1542 3632 πος
1600 3584 1636 3623 ιι
1681 3565 1890 3621 κόπω·
1954 3560 2038 3618 ita
2095 3554 2330 3635 quidem
2396 3555 2492 3615 rie-

1434 3691 1542 3734 πος
1593 3688 1629 3727 a
1666 3666 1873 3727 τῦπυ.
1942 3662 2074 3723 Imo
2119 3681 2278 3734 vero,
2332 3661 2493 3743 quod

1436 3791 1582 3851 pace
1609 3791 1811 3831 eorum
1836 3770 2057 3830 dictum
2083 3769 2178 3840 sit,
2207 3772 2376 3836 κόπος
2401 3782 2494 3828 est

1438 3877 1606 3937 radix
1648 3877 1772 3937 sive
1803 3877 2013 3947 thema,
2047 3887 2114 3934 ut
2147 3876 2340 3944 τόπος,
2386 3874 2492 3948 ψό-

1435 3995 1559 4064 φος,
1597 3980 1782 4052 δόλος,
1824 3981 2019 4061 φόνος,
2053 3977 2277 4058 δνόφος,
2306 3978 2489 4054 κόρος,

1435 4087 1627 4157 πόθος,
1669 4088 1871 4166 μάγος,
1909 4085 2132 4154 κλόνος,
2167 4084 2367 4160 λόφος,
2394 4080 2492 4137 06-

1434 4196 1558 4263 λος,
1585 4193 1784 4271 λόχος,
1810 4204 1869 4249 et
1895 4189 2008 4249 alia
2037 4185 2275 4248 multa.”
2310 4183 2387 4241 R.
2412 4181 2492 4242 B.

1436 4295 1750 4366 Ber-nardo,
1791 4315 1853 4374 p.
1888 4297 2022 4352 159.
2084 4286 2254 4349 Conf.
2290 4282 2491 4345 Valde.

1435 4401 1513 4461 ad
1562 4400 1835 4460 Ammon.
1879 4419 1939 4477 p.
1972 4399 2109 4455 211.
2157 4404 2218 4452 et
2256 4389 2331 4453 ad
2376 4389 2489 4452 Ph.

1438 4510 1579 4564 397.
1650 4515 1712 4561 et
1766 4503 2078 4561 poa-soum
2132 4498 2190 4556 in
2254 4496 2494 4558 centur.

1448 4606 1594 4663 crit.
1619 4603 1822 4677 (June,
1855 4606 2031 4661 1797.
2057 4619 2162 4678 pp.
2200 4603 2332 4668 174,
2361 4596 2472 4673 5.).

1538 4729 1582 4777 e
1618 4695 1674 4775 2
