3032 4898
555 411 737 487 viii*
1427 428 1855 481 ruffinum.

553 609 888 689 verendo
916 610 1371 685 Gunnumo
1400 608 1724 696 -PAnmr,
1778 606 1913 704 qui
1951 604 2212 679 ‘multa
2271 623 2574 677 narrare
2639 600 2766 675 de·

555 734 908 812 Dawesio
968 732 1405 810 memoriter
1457 738 1540 808 et
1584 730 1928 830 jucunde
1995 730 2309 806 solebat.
2433 727 2571 814 Te,
2617 726 2765 798 τὸν·

551 860 897 961 dynam-ov
950 860 1294 946 δεσπότην,
1356 860 1496 932 Τὸν
1555 862 1796 957 τροφέα
1817 857 1867 943 ³,
1940 874 2240 929 summo
2305 852 2384 925 in
2450 848 2740 924 honore

552 994 929 1086 perpetuo
961 984 1284 1060 habebo.
1394 982 1533 1059 Ille
1571 980 1933 1058 Ecclesiae
1985 979 2080 1054 de
2134 976 2545 1075 Helpeston
2603 996 2743 1072 per

553 1133 793 1187 annos
829 1132 1016 1184 1.er
1076 1108 1411 1184 vicarius
1468 1116 1683 1192 erat;
1737 1115 1820 1181 et
1872 1105 2074 1182 Ludi
2125 1102 2476 1179 litterarii
2533 1099 2742 1199 apud

558 1232 1223 1333 Gigglesvicenses
1306 1232 1389 1307 in
1483 1231 1862 1308 comitatu
1953 1226 2420 1305 Eboracensi
2479 1223 2745 1300 Archi-

554 1357 981 1435 didasealus
1000 1357 1413 1433 fidissimus
1435 1355 1810 1455 ingenuos
1834 1354 2131 1430 animos
2160 1353 2259 1429 ad
2284 1349 2750 1427 industriam

553 1491 636 1556 et
666 1480 887 1557 famae
919 1481 1481 1557 aemulationem
1514 1479 1893 1569 omnibus,
1944 1502 2118 1578 quae
2152 1478 2276 1553 vel
2312 1475 2588 1552 caritas
2622 1472 2770 1549 vel·

556 1605 974 1681 auctoritas
1007 1603 1553 1704 suppeditabat
1585 1604 2081 1703 argumentis,
2134 1626 2274 1702 per
2307 1623 2545 1676 annos
2578 1622 2742 1673 mv.

555 1730 899 1828 erigebat
925 1731 1450 1826 acuebatque:
1486 1751 1726 1806 annos
1754 1753 2134 1805 Lxxxvm.
2161 1727 2487 1803 feliciter
2512 1723 2746 1809 vixit;

561 1851 882 1951 Σῶφρων,
913 1854 1185 1940 δίκαιος,
1220 1852 1493 1953 ἆγαθός,
1529 1851 1801 1946 εὗσεβῆς
1835 1849 2022 1950 ἆνῆρ.
2131 1849 2209 1923 IS
2247 1847 2581 1924 Dawesii
2616 1872 2750 1923 ex·

557 1976 1106 2053 istimationem
1148 1976 1445 2075 peracri
1491 1999 1635 2051 suo
1678 1973 1981 2072 judicio
2034 1974 2537 2061 demeruerat,
2579 1971 2772 2070 qui--

561 2124 765 2189 cum,
845 2101 1029 2176 dum
1095 2101 1611 2201 Cantabrigiae
1685 2097 1861 2187 fuit,
1915 2099 2406 2197 integerrima
2471 2098 2581 2173 illi
2633 2096 2750 2209 in-

559 2225 909 2301 tercessit
942 2227 1440 2301 consuetude.
1492 2281 1499 2289 -
1546 2224 1997 2300 Terentium
2030 2248 2208 2300 cum
2241 2225 2353 2299 R.
2379 2223 2491 2298 D.
2543 2223 2753 2298 omni

560 2349 958 2446 diligentia
1022 2349 1566 2451 pervolutavit,
1635 2358 1715 2425 et
1747 2350 2112 2458 ,Bentleii
2193 2355 2770 2424 ΣΧΕΔΙΑΣΜΑ·

561 2475 1002 2554 minutatim
1050 2488 1157 2560 et.
1187 2476 1629 2577 singulatim
1684 2477 2014 2577 perlegit
2065 2485 2149 2554 et
2188 2477 2753 2577 quodammodo

563 2601 955 2701 expendit.

667 2727 787 2802 De
844 2726 1176 2802 Dawesii
1231 2726 1505 2802 Latine
1573 2726 1955 2803 scribendi
1983 2725 2372 2801 .facultate
2420 2747 2575 2800 non
2638 2732 2760 2800 est

564 2850 773 2947 quod
809 2850 1045 2926 verba
1096 2849 1421 2936 faciam3
1475 2850 1678 2925 inest
1720 2851 2166 2946 incorrupta
2210 2849 2558 2944 quaedam
2605 2872 2760 2924 ser-

565 2973 813 3050 monis
846 2973 1292 3072 integritas;
1330 2981 1689 3048 accurata
1723 2981 1805 3046 et
1831 2993 2012 3046 cum
2042 2968 2395 3044 molestia
2427 2970 2761 3069 diligens

566 3098 998 3197 elegantia;
1078 3097 1214 3174 sed
1267 3098 1456 3173 mihi
1509 3097 1766 3173 saltim
1819 3094 2047 3170 nimis
2102 3093 2475 3183 curiosus,
2523 3105 2760 3193 atque

567 3231 992 3307 tortuosus,
1024 3229 1104 3297 et
1130 3221 1456 3298 subinde
1480 3221 1741 3321 paullo
1765 3217 2160 3294 obscurior
2185 3242 2350 3294 esse
2381 3220 2690 3297 videtur
2708 3225 2759 3297 ⁴.

567 3356 616 3390 “
639 3348 792 3424 Sed
813 3348 959 3423 erit
977 3345 1301 3424 fortasse
1332 3355 1665 3448 tempuS,
1693 3366 1869 3420 cum
1895 3342 2137 3441 magis
2168 3344 2501 3434 veritati,
2528 3370 2761 3445 quam

570 3470 1109 3550 consuetudini
1187 3471 1587 3560 servietur,
1680 3478 1783 3556 et,
1848 3468 2060 3567 quod
2134 3468 2467 3545 insolens
2528 3472 2760 3547 modo

572 3595 922 3685 habetur,
1003 3597 1149 3672 erit
1224 3605 1394 3673 tum
1472 3596 1868 3682 usitatum,
1941 3602 2376 3692 nostraeque
2441 3594 2763 3672 fortasse

573 3719 831 3795 nimiae
880 3720 1361 3797 verecundiae
1409 3729 1896 3820 posterorum
1929 3719 2188 3820 potior
2219 3720 2542 3796 audacia
2583 3744 2774 3797 suc--

575 3844 860 3921 cedet.”

658 4051 717 4107 3.
761 4043 919 4106 Vide
942 4045 1335 4127 Theophilum
1364 4045 1425 4106 in
1452 4044 1701 4107 Bekkeri
1731 4045 2020 4107 Anecdot.
2063 4047 2171 4108 Gr.
2208 4067 2267 4127 p.
2300 4051 2438 4110 724.

658 4153 719 4211 4.
762 4149 1367 4214 Βο-Ηεκηιιωυεη
1414 4151 1569 4230 stylo
1611 4151 1909 4211 verissime
1946 4151 2167 4211 dictum
2212 4167 2341 4212 est:
2385 4155 2422 4185 “
2450 4149 2586 4211 Una
2631 4171 2764 4211 ora-

579 4255 719 4316 tioni
762 4255 1005 4318 facilitas
1054 4260 1238 4330 deest,
1280 4278 1399 4318 non
1442 4257 1833 4336 comparanda
1874 4256 1994 4328 illa,
2035 4257 2147 4317 nisi
2191 4277 2352 4338 saepe
2398 4257 2764 4336 multumque

577 4361 923 4424 scribendo:
965 4363 1132 4447 cujus
1170 4363 1255 4428 rei
1302 4361 1636 4426 facultatem
1682 4381 1820 4424 raro
1863 4361 2042 4423 dabat
2076 4362 2422 4424 Graecarum
2467 4361 2764 4424 literarum

580 4464 933 4529 Professio.’'
