3032 4898
1353 449 1512 519 '227

320 648 512 716 ΤΟΣ
597 643 1142 726 ΚΕῙΜΕΝΟΣς
1233 641 1346 717 uti
1415 649 1494 718 et
1560 642 1640 716 in
1712 641 2075 717 Teiorum
2139 635 2345 730 diris,
2413 649 2529 719 ΤΟ
2559 677 2736 728 ³201,

325 748 654 828 Aoulo,
734 748 856 815 TO
912 746 1194 828 ΞΥΝΟ,
1283 747 1406 815 ΤΟ
1459 745 1737 815 ΚΕΝΟ.
1842 741 2138 825 Quibus
2204 743 2532 840 adjicere
2602 741 2686 790 w·

321 840 518 915 libet
569 841 944 916 celebrem
998 840 1204 913 illam
1250 841 1622 915 columnae
1684 841 2056 916 Herodeae
2101 841 2533 940 inscriptio-
2562 847 2754 862 ’“““““’

325 962 530 1026 nem,
568 945 860 1013 ΟΔΕΝΙ
900 946 1323 1013 ΘΕΜΙΤΟΝ
1362 945 2003 1013 ΜΕΤΑΚΙΝΕΣΑΙ
2049 947 2165 1013 EK
2197 947 2318 1014 ΤΟ
2351 947 2534 1014 TPI-
2668 949 2678 964 “

331 1043 570 1110 omo
626 1045 758 1111 ΗΟ
811 1044 1078 1110 ΕΣΤΙΝ
1131 1044 1292 1111 Em
1346 1045 1465 1111 ΤΟ
1518 1045 1786 1111 ΤΡΙΤΟ
1847 1045 1964 1111 ΕΝ
2019 1045 2169 1113 ΤΕΙ
2225 1045 2526 1116 ΗΟΔΟῙ

326 1141 476 1207 TEI
511 1142 844 1208 ΑΠΠΙΑῘ
869 1143 994 1210 ΕΝ
1024 1142 1182 1208 ΤΟΙ
1221 1142 1609 1209 ΗΕΡΟΔΟ
1634 1142 1904 1210 ΑΓΡΟΙ
1941 1145 2001 1210 Ο
2041 1144 2207 1211 ΓΑΡ
2239 1145 2527 1213 ΛΟΙΟΝ

328 1240 483 1306 ΤΟΙ
561 1240 1065 1324 ΚΙΝΕΣΑΝΤΙ
1166 1242 1544 1308 ΜΑΡΤΥΣ
1622 1242 1994 1310 ΔΑΙΜΟΝ
2082 1244 2525 1313 ΕΝΗΟΔΙΑ.

330 1334 518 1415 Quae
545 1357 976 1430 quanquam
1004 1334 1168 1431 ipsa
1195 1335 1390 1407 inter
1417 1343 1759 1408 vetustas
1782 1337 2152 1409 recenseri
2174 1347 2524 1433 nequeat,

327 1443 447 1506 sat
479 1443 735 1506 tamen
771 1434 1105 1506 ostendit
1139 1434 1470 1528 antiquae
1523 1433 1944 1530 scripturae,
1979 1458 2149 1529 quae
2197 1445 2363 1508 tum
2396 1438 2529 1510 ob-

328 1530 643 1618 tinebat,
723 1530 1175 1629 opinionem.
1316 1532 1698 1604 Coeterum
1795 1532 2040 1605 obiter
2107 1534 2526 1608 notandum

335 1629 547 1703 venit
579 1629 870 1703 illorum
921 1636 1078 1701 ΕΠΙ
1121 1635 1242 1700 ΤΟ
1297 1635 1565 1701 ΤΡΙΤΟ
1614 1639 2071 1725 potestatem
2118 1631 2325 1704 viros
2356 1655 2525 1704 eru-

331 1727 534 1801 ditos
591 1728 836 1802 minus
889 1738 1098 1802 recte
1160 1726 1451 1822 cepisse
1506 1734 1665 1800 Em
1728 1732 1884 1798 ΤΩΙ
1930 1734 2274 1812 ΤΡΙΤΩΙς
2332 1728 2561 1805 hauc.

335 1832 599 1923 utique
633 1841 1009 1901 exaratam
1045 1825 1509 1924 oportuisset
1568 1830 1726 1898 Em
1785 1832 1943 1897 ΤΟΙ
1994 1832 2320 1912 ΤΡΙΤΟΙ,
2376 1851 2527 1902 non

334 1949 551 1999 secus
605 1937 830 2021 atque
878 1926 1160 1999 ibidem
1217 1925 1576 2020 leguntur
1636 1930 1967 2009 ΗΟΔΟΙ,
2024 1931 2181 1997 ΤΟΙ
2234 1932 2524 2015 ΑΓΡΟΙ,

336 2034 416 2099 et
470 2031 625 2097 'rol
697 2028 1239 2110 ΚΙΝΕΣΑΝΤΙ;
1310 2022 1426 2095 uti
1497 2032 1577 2096 et
1636 2022 1944 2096 alterius
2011 2023 2531 2099 declinationis

332 2127 546 2197 ἸῈΙ4ο
580 2129 934 2196 ΑΠΠΙΑΙ.
1043 2123 1182 2194 Est
1217 2131 1471 2195 autem
1509 2143 1685 2194 vera
1739 2131 2079 2219 potestas
2118 2128 2279 2194 Em
2314 2130 2532 2198 TOW

335 2228 700 2295 TPITOW
724 2223 801 2307 ⁶⁰,
850 2220 1077 2295 sicuti
1111 2220 1413 2294 illorum
1451 2225 1743 2292 ΟΔΕΝΙ
1793 2227 1912 2293 ΤΟ
1961 2223 2350 2294 ΤΡΙΟΠΙΟ
2387 2224 2530 2294 &cx

338 2321 724 2398 OWAENI
748 2328 968 2396 TOW
1002 2325 1513 2394 TPlonlow.
1572 2319 1939 2415 Ejusdem
1979 2343 2205 2417 porro
2238 2319 2536 2415 generis

338 2422 806 2497 eruditorum
841 2419 1055 2518 genti
1107 2419 1357 2494 visum
1405 2427 1523 2492 est
1577 2419 1783 2515 quod
1827 2418 1988 2492 basi
2030 2418 2322 2492 Colossi
2381 2418 2532 2491 De·
2618 2467 2633 2481 =

335 2520 506 2595 liaci
539 2521 989 2620 inscriptum
1045 2519 1367 2592 habetur
1425 2524 1488 2589 O
1538 2523 1821 2590 ΑΡΥΤΟ
1869 2522 2091 2588 ΛΙΘΟ
2145 2522 2316 2588 EMI
2382 2522 2537 2587 AN-

344 2625 619 2692 ΔΡΙΑΣ
657 2626 811 2692 ΚΑΙ
845 2628 967 2692 ΤΟ
1006 2623 1394 2692 ΣΦΕΛΑΣ.
1502 2617 1621 2690 De
1655 2639 1747 2689 eo
1775 2638 1956 2689 vero
1991 2638 2167 2688 mox
2201 2614 2537 2690 dicemus

399 2742 568 2890 1‚Ad
669 2818 862 2891 oculi
911 2818 1482 2917 inscriptionem
1538 2823 1958 2891 ΔΙΟΝΥΣΟ
2022 2826 2241 2892 notat
2303 2817 2535 2892 Athe·

347 2939 553 2991 naeus
641 2917 994 2991 esiderari
1049 2919 1507 2992 elementum
1540 2925 1625 2990 Υ.
1731 2919 1985 3014 Atque
2020 2916 2098 2990 in
2151 2917 2345 2990 hanc
2377 2918 2540 3013 qui-

345 3015 518 3090 dem
575 3017 1027 3091 sententiam
1087 3019 1544 3093 concessisse
1621 3016 1845 3091 video
1925 3017 2127 3091 viros
2198 3040 2540 3113 quosque

347 3116 389 3159 “
424 3118 788 3191 eruditos,
896 3116 1058 3189 Nos
1111 3140 1316 3203 vero,
1366 3116 1572 3212 quod
1606 3125 1685 3190 et
1731 3139 1993 3189 eorum
2029 3139 2223 3213 pace
2250 3115 2539 3189 factum
2568 3120 2715 3187 126

345 3215 466 3302 sit,
533 3217 682 3291 alio
744 3238 1051 3314 prorsus
1113 3216 1427 3290 consilio
1485 3224 1644 3288 tam
1699 3214 1904 3287 istud
1967 3238 2195 3310 quam
2268 3223 2544 3286 coetera

344 3315 822 3412 antiquitatis
869 3324 1362 3416 monumenta
1389 3314 1867 3387 adduximus.
1977 3314 2095 3384 Ex
2150 3312 2243 3383 iis
2279 3311 2543 3404 utique

346 3413 552 3488 aliud
603 3415 829 3511 longe
864 3412 1367 3509 colligendum
1425 3423 1827 3509 putamus:
1883 3412 2193 3503 Graecps
2237 3408 2548 3492 scilicet,

348 3523 726 3608 quotquot
778 3513 926 3586 ista
983 3512 1355 3587 scribendi
1422 3511 1716 3584 ratione
1781 3515 2203 3591 uterentur,
2267 3505 2545 3579 nullam

351 3608 705 3684 habuisse
747 3611 1064 3708 figuram
1099 3610 1605 3707 majusculam.
1663 3629 1817 3703 qua
1850 3603 2332 3701 aspirationis
2387 3603 2548 3677 Van

351 3717 806 3804 potestatem
858 3710 1359 3806 designarent,
1416 3707 1622 3805 apud
1682 3727 1874 3800 quos
1918 3713 2172 3775 tamen
2219 3702 2375 3777 ista·
2408 3727 2545 3801 po·

349 3816 589 3881 testas
646 3807 723 3881 in
799 3808 1366 3906 pronunciando
1429 3803 1737 3879 interim
1795 3801 2193 3876 obtineret.
2315 3802 2546 3877 Verbi

348 3918 609 3981 autem
677 3913 1095 3981 ΔΙΟΝΥΣΟ
1163 3907 1462 4002 plenam
1525 3903 1683 3975 vim
1754 3901 2157 3975 statuimus
2223 3908 2549 3975 ΔΙΟΝΥ-

352 4010 567 4083 Eow
588 4008 662 4078 ³¹.
768 4007 1036 4102 Ecqua
1093 4005 1297 4078 enim
1351 4003 1544 4078 ratio
1603 4001 2020 4096 excogitari
2083 4012 2361 4099 potest,
2416 4022 2551 4073 cur

450 4182 546 4235 49.
619 4179 925 4259 Inscriptio
978 4190 1208 4238 vetusta
1260 4178 1408 4238 intra
1592 4182 1687 4235 50.
1736 4173 1998 4253 Scaliger
2053 4174 2125 4233 ad
2184 4172 2398 4231 Euseb.
2454 4187 2551 4244 pp.

353 4252 530 4313 limen
579 4256 728 4315 Bibl.
773 4257 942 4317 Publ.
987 4256 1232 4317 cantab.
1274 4258 1314 4314 l.
1349 4264 1406 4316 8.
1515 4261 1650 4325 102,
1708 4258 1821 4315 107
1852 4276 1923 4303 =
1958 4257 2092 4322 110,
2150 4258 2282 4310 115.
2323 4246 2414 4305 ἐπὶ
2455 4253 2554 4303 τοῦ

352 4339 478 4392 ΤΕῘ
535 4341 872 4395 ΣΥΝΟΔΩΙ
934 4338 973 4395 l.
1011 4342 1068 4395 9.
1110 4342 1235 4395 Tm
1279 4342 1400 4395 EY-
1509 4341 1720 4415 τρίτου.

353 4418 576 4474 ΝΟῙΑῘ
621 4420 752 4473 ΚΑΙ
797 4421 1238 4477 ΦΙΛΟΊῚΜΙΑΙ
1279 4422 1403 4476 'rm
1594 4420 1690 4474 51.
1737 4411 1875 4472 Vid.
1917 4409 1998 4469 R.
2031 4407 2111 4466 D.
2162 4408 2220 4464 in
2277 4404 2551 4481 Append-

355 4501 480 4556 ΕΙΣ
520 4500 738 4557 Tor».
1509 4515 1568 4573 p.
1605 4498 1677 4551 19
1701 4490 1756 4549 ⁰.

1606 4578 1820 4661 ⁶82
