3032 4898
551 428 673 504 iv*
1434 446 1867 499 Pnaenno.

556 650 739 706 eum
767 627 995 728 plane
1027 624 1380 724 iniquum
1412 622 1739 702 fecerint
1784 622 2122 724 partium
2157 623 2514 700 -studis.”-
2538 624 2742 700 Bur-

553 752 873 857 gessius.

668 883 887 954 1747.
940 874 1320 951 Libellum
1346 873 1558 950 horis
1590 874 2013 951 subsecivis
2061 873 2605 972 conscriptum,
2655 882 2739 950 et

571 999 1432 1101 Tittle-tattk-mongers
1487 1009 2049 1100 nuncupatum,
2089 1001 2205 1076 -in
2287 1000 2517 1089 viros,
2602 999 2741 1099 qui

559 1127 964 1227 municipii
999 1125 1121 1202 sui
1155 1126 1383 1201 rebus
1410 1125 1764 1202 civilibus
1789 1125 2285 1225 praefuerunt,
2309 1125 2746 1201 inconsulto

563 1252 841 1328 emisit.
945 1250 1409 1326 Particulam
1463 1273 1566 1325 ex
1610 1250 1759 1327 hoc
1804 1249 2060 1327 libello
2094 1250 2426 1327 maxime
2457 1272 2744 1325 memo·

564 1377 880 1453 rabilem
938 1385 1019 1452 et
1069 1376 1271 1452 scitu
1330 1376 1646 1474 dignam
1698 1374 1796 1450 ad
1854 1375 2142 1450 calcem
2195 1373 2427 1472 hujus
2486 1372 2744 1471 operis

564 1500 886 1601 conjeci.
2433 1558 2438 1565 .

670 1631 793 1700 25.
833 1625 1044 1723 Sept.
1088 1630 1181 1698 17
1187 1631 1307 1699 49.
1359 1625 1550 1699 rude
1584 1624 1946 1701 emeritus
1979 1624 2141 1699 otio
2175 1624 2339 1698 sine
2369 1621 2749 1720 dignitate

567 1747 967 1824 fruebatur
1018 1749 1196 1823 vico
1247 1749 1569 1845 Anglice
1624 1750 1834 1825 dicto
1885 1749 2515 1825 Heworth·shore
2541 1774 2574 1832 ,·
2640 1756 2746 1833 et,

570 1873 779 1972 quod
813 1872 993 1947 vitae
1025 1871 1409 1968 reliquum
1432 1880 1617 1964 erat,
1648 1874 1730 1948 in
1752 1874 2232 1949 lectiunculis
2257 1882 2491 1970 atque
2518 1872 2750 1971 pulsu

571 2021 958 2074 remorum
1015 1996 1303 2072 flumen
1357 1996 1770 2072 finitimum
1818 1997 2032 2096 Tyne
2076 1998 2501 2095 subigendo
2549 2021 2751 2096 aegre

570 2123 947 2199 trahebat.

673 2248 1122 2337 21.·Martii‚
1165 2254 1388 2323 1766.
1441 2256 1767 2323 mortem
1801 2272 1978 2324 cum
2020 2251 2182 2324 vita
2226 2249 2754 2338 commutavit,

570 2381 654 2449 et
688 2374 769 2448 in
806 2374 1168 2474 Περιβόλῳ
1206 2371 1574 2449 Ecclesiae
1601 2372 1697 2446 de
1719 2372 2326 2449 Heworth-shore
2357 2399 2454 2451 ex
2490 2375 2757 2451 volun·

572 2507 737 2573 tate
769 2521 910 2572 sua
939 2497 1295 2573 mortales
1322 2498 1622 2574 exuviae
1652 2500 2164 2597 requiescunt.
2218 2502 2310 2576 In
2347 2502 2575 2600 cippo
2602 2523 2757 2575 non

572 2623 797 2699 valde
823 2646 1148 2721 operoso
1173 2631 1482 2699 exarata
1506 2634 1627 2699 est
1649 2625 1989 2700 laudatio
2017 2625 2189 2714 viri,
2227 2624 2451 2722 cujus
2476 2648 2757 2699 nomen

574 2746 784 2820 nulla
818 2769 1157 2842 unquam
1187 2745 1476 2821 delebit
1507 2759 1877 2838 vetusta&
1934 2775 2031 2827 ne
2076 2750 2541 2826 rectitudine
2585 2751 2755 2849 qui-

577 2871 753 2945 dem
804 2869 1209 2956 scribendi,
1278 2869 1561 2944 nedum
1622 2874 2033 2948 verborum
2091 2875 2489 2950 lenociniis
2536 2898 2757 2950 exor-

575 3003 803 3082 nata;
859 3001 906 3036 “
943 2993 1036 3067 In
1090 3016 1433 3091 memory
1480 2993 1572 3068 of
1621 2995 1956 3072 Richard
2004 3000 2305 3088 Dawes,
2361 3000 2516 3075 late
2565 2999 2760 3074 head

578 3128 862 3195 master
895 3116 986 3191 of
1030 3117 1164 3192 the
1209 3141 1592 3216 grammer
1635 3121 1896 3196 school
1940 3132 2020 3197 at
2077 3124 2530 3213 Newcastle,
2587 3123 2763 3198 who

580 3243 761 3320 died
819 3244 953 3319 the
1015 3250 1188 3318 2lst
1246 3243 1337 3318 of
1395 3245 1669 3319 March
1734 3252 1954 3337 1766,
2043 3250 2240 3346 aged
2302 3256 2401 3324 57
2469 3247 2766 3349 years.’'

584 3370 999 3445 Praxiteles
1041 3368 1301 3443 nescio
1346 3369 1519 3467 quis
1563 3369 1814 3443 Famoe
1847 3370 2155 3468 signum
2188 3374 2447 3447 ambas
2481 3374 2764 3448 buccas

584 3495 946 3582 inflanti8‚
998 3502 1080 3569 et
1122 3493 1331 3568 tubae
1380 3493 1733 3591 clangore
1768 3502 2014 3569 totam
2059 3495 2418 3572 viciniam
2446 3497 2768 3595 jamjam

582 3621 1137 3696 tremefacturae
1170 3619 1523 3719 sepulcro
1555 3619 1976 3718 imposuit:
2029 3621 2188 3709 sed,
2251 3622 2462 3721 quod
2513 3646 2769 3720 neque

584 3745 857 3820 inutile
890 3769 1031 3820 nec
1064 3745 1573 3843 injucundum
1606 3743 1925 3842 cognitu
1961 3744 2087 3832 sit,
2119 3768 2277 3821 non
2305 3745 2552 3821 cuivis
2586 3769 2768 3820 con·

584 3868 768 3966 tigit
800 3870 1009 3943 tubae
1043 3893 1129 3945 os
1164 3869 1604 3969 inspicienti
1640 3870 1899 3969 gulam
1937 3870 2299 3946 tubicinis
2320 3872 2764 3944 immensam

586 3995 1007 4095 explorare.
1112 3995 1332 4095 Opus
1396 4004 1656 4070 autem
1711 3995 1859 4070 hoc
1913 3994 2140 4068 simul
2199 4004 2621 4092 aspectum,
2684 4003 2769 4069 et

585 4121 995 4221 probatum
1026 4130 1190 4196 erat
1210 4123 1259 4194 ².
1316 4130 1368 4162 “
1394 4119 1783 4194 Nonnulla
1804 4118 2115 4215 reliquit
2140 4121 2478 4194 nondum
2504 4119 2771 4194 edita.’'

670 4385 729 4438 2.
772 4379 857 4440 At
885 4401 1055 4441 suum
1084 4383 1296 4461 cuique
1322 4383 1502 4444 decus
1529 4385 1838 4463 posteritas
1863 4381 2182 4463 rependere
2207 4381 2376 4442 solet.
2455 4379 2773 4440 Enimvero

588 4501 741 4543 anno
794 4504 1140 4548 xtoocxxm
1190 4501 1294 4548 aut
1327 4507 1577 4548 —xxm
1629 4487 1907 4549 leviorem
1954 4488 2191 4568 cippum
2233 4506 2308 4547 ex
2359 4473 2591 4547 Bastltt
2633 4502 2772 4544 con·

1625 4598 1714 4667 10
