3032 4898
579 414 704 489 vi*
1446 431 1873 487 ramur-10.

564 612 1006 701 dominandi
1064 632 1297 689 cansa
1350 608 1706 691 violanda
1751 617 1961 697 sunt,
2008 607 2288 687 summi
2325 605 2474 683 viri
2520 604 2755 683 laces·

562 738 779 817 sendi
827 744 1293 837 potestatem
1333 734 1484 819 sibi
1537 736 2020 831 arrogabant,
2070 741 2152 813 ot
2188 729 2573 832 petulanti
2612 752 2752 809 aa·

562 862 753 939 Vitia
817 863 1237 963 μυχθῖζοντες
1302 860 1408 935 καὶ
1476 860 2024 958 διαψιθυρίζοντες
2088 856 2505 956 angodbufl
2573 876 2754 933 elim

563 986 1159 1072 consumebantz
1236 985 1373 1063 sed
1441 982 1877 1071 iracundiae.
1959 983 2294 1071 invidioe,
2379 979 2754 1061 simultati

560 1110 783 1191 litare
817 1110 1089 1191 virum·
1126 1109 1620 1208 quantumvis
1669 1108 2232 1209 praecellentem
2287 1130 2447 1185 non
2497 1107 2751 1183 decet.

563 1233 827 1315 Moron
904 1252 1180 1333 parum
1256 1232 1815 1334 circumspecte
1920 1232 2332 1334 compositi
2421 1232 2758 1309 oblecta-

560 1358 795 1439 tionis
850 1358 1207 1457 malignae
1270 1358 1671 1437 materiam
1742 1359 2237 1459 prebebant:
2287 1359 2658 1458 quicquid
2707 1381 2759 1433 a

560 1481 726 1565 ludi
778 1484 1151 1582 magistro
1208 1484 1782 1563 cavillationum
1834 1484 2079 1584 spinis
2139 1507 2232 1563 ac
2286 1483 2582 1561 retibus
2615 1481 2758 1561 im·

558 1606 828 1708 pedito
875 1608 1130 1686 minus
1205 1608 1526 1685 honeste
1578 1606 1874 1685 dictum
1928 1607 2335 1702 excideret,
2402 1607 2488 1684 in
2546 1607 2759 1684 dete-

558 1732 721 1809 rius
775 1734 1333 1831 detorquebant
1401 1732 1736 1809 inaniter
1799 1733 2091 1833 garruli
2148 1741 2230 1809 et
2283 1732 2749 1834 pervicaces.

563 1855 1081 1935 Veruntamen
1132 1856 1326 1933 nihil
1373 1856 1486 1932 illi
1567 1864 1692 1932 tot
1755 1856 2145 1955 tantisque
2196 1854 2510 1934 dotibus
2557 1880 2755 1957 prae-

560 1981 729 2059 dito
760 1982 1222 2070 condonare,
1272 1981 1466 2058 nihil
1519 1981 1968 2081 ignoscerez
2026 1980 2490 2079 dignitatem
2518 1982 2756 2058 ctiam

559 2105 722 2181 suis
774 2105 1024 2206 ipsius
1071 2106 1369 2184 meritis
1422 2115 1725 2206 partam
1773 2104 2175 2206 despicatu
2225 2104 2531 2195 habere,
2603 2106 2756 2182 hoc

559 2252 743 2305 sane
801 2228 994 2307 adeo
1053 2230 1497 2307 luctuosum
1562 2234 1708 2317 est,
1774 2237 1888 2317 ut,
1939 2228 2006 2305 si
2073 2228 2268 2305 nihil
2333 2229 2757 2329 quidquam

559 2352 767 2428 aliud
800 2360 1029 2442 esset,
1064 2352 1299 2429 animi
1333 2355 1430 2430 de
1455 2375 1773 2428 munere
1805 2375 1948 2429 suo
1979 2353 2456 2430 deflectentis
2481 2356 2759 2456 proba·

556 2479 790 2556 bilem
822 2480 1199 2558 rationem
1232 2479 1553 2558 reddere
1585 2486 1876 2578 posset.
1987 2477 2196 2563 Quid
2228 2479 2507 2579 plura?
2593 2481 2753 2557 Ini-

557 2628 797 2703 quum
828 2628 987 2680 suae
1019 2604 1274 2682 aetatis
1298 2601 1685 2702 judicium
1737 2601 1904 2702 spei
1955 2602 2268 2701 quidem
2304 2613 2758 2695 extremum,

557 2737 639 2804 et
670 2737 931 2803 tamen
966 2751 1373 2803 commune
1405 2727 1793 2815 solatium,
1839 2726 2182 2825 graviter
2211 2727 2628 2818 imminuit,
2674 2738 2756 2805 et

557 2877 737 2929 cum
791 2853 1040 2930 morbi
1099 2852 1451 2929 cruciatu
1510 2851 2081 2950 confligentem,
2162 2861 2253 2932 ut
2309 2851 2577 2943 fertur,
2657 2855 2756 2931 de

559 2977 887 3056 sanitate
912 3001 1003 3054 ac
1028 2988 1287 3056 mente
1315 2976 1627 3053 tandem
1652 2975 2116 3052 deturbavit.
2188 2977 2472 3055 Utrum
2501 2978 2582 3053 in
2605 2976 2756 3053 fide

558 3102 993 3178 servatoris
1048 3103 1169 3182 sui
1215 3101 1793 3201 quodammodo
1847 3113 2054 3180 esset
2100 3102 2470 3194 infirmus,
2511 3103 2759 3202 judex

559 3234 729 3302 esto
762 3227 1002 3316 Deus,
1034 3225 1653 3327 sapientissimus
1686 3235 1771 3304 et
1802 3227 2133 3305 maxime
2164 3228 2544 3329 benignus
2577 3253 2758 3330 peo-

559 3350 753 3428 toris
786 3350 1104 3428 humani
1139 3360 1551 3427 scrutator.

660 3477 785 3555 Ad
818 3477 1019 3554 hanc
1044 3478 1632 3580 sacratissimam
1660 3474 2065 3551 Musarum
2096 3474 2358 3552 sedem
2383 3474 2755 3553 accedam

560 3610 726 3678 erat
755 3602 1097 3682 moribus
1130 3600 1453 3701 placidis
1497 3608 1580 3676 et
1624 3600 2063 3677 mansuetis.
2166 3611 2211 3643 “
2247 3602 2445 3677 Sunt
2491 3600 2626 3699 qui
2669 3601 2755 3676 s‘e

559 3725 712 3825 ipsi
746 3750 886 3805 sua
914 3727 1302 3826 gravitate
1334 3733 1418 3804 et
1468 3724 1945 3815 castimonia,
1995 3735 2079 3802 et
2124 3749 2306 3805 cum
2351 3725 2756 3825 disciplina

560 3851 1005 3941 domestica,
1075 3858 1246 3927 tum
1298 3850 1534 3927 etiarn
1588 3850 1918 3927 naturali
1969 3851 2172 3927 bono
2232 3850 2657 3927 defendunt
2683 3855 2756 3937 ;'’

560 3974 698 4052 sed
728 3973 1266 4054 adulescentiae
1291 3972 1497 4052 inest
1525 3974 1859 4052 maxima
1890 3974 2371 4052 imbecillitas
2406 3973 2702 4050 consilii
2728 4005 2751 4066 ;

562 4097 1053 4202 praeceptoris
1085 4098 1542 4176 auctoritate
1571 4109 1655 4176 et
1686 4100 1840 4178 leni
1884 4123 2119 4177 suasu
2162 4098 2584 4174 amicorum
2617 4100 2751 4175 de·

561 4227 885 4303 stitutus
918 4224 1145 4302 sociis
1189 4223 1502 4302 minime
1537 4225 1851 4328 optimis
1885 4231 1965 4302 et
1997 4224 2551 4323 probatissimis
2585 4249 2755 4304 sese

563 4352 968 4452 implicuit.
1068 4352 1156 4429 Si
1216 4352 1658 4432 Dawesium
1714 4352 1799 4428 in
1861 4350 2071 4426 omni
2130 4350 2292 4428 vita
2358 4375 2500 4429 sua
2563 4353 2753 4454 satis

566 4497 746 4553 sane
797 4475 1288 4577 morigerum,
1342 4484 1425 4553 et
1482 4475 1794 4575 egregie
1851 4484 2231 4553 moratmn
2293 4476 2753 4566 exhiberem,
