3032 4898
1386 434 1535 501 209

357 616 646 697 Dur-dia
718 626 931 695 1619.
1069 622 1364 721 Nempe
1424 624 1491 697 si
1550 624 1770 699 Iones
1825 624 2325 698 communiter
2379 642 2557 697 cum
2596 642 2775 691 sse-r.

358 722 845 797 AEolensibus
868 722 1326 799 elementum
1355 738 1405 797 β
1437 732 1950 822 usurpassent,
1981 725 2300 798 dixisset
2321 724 2556 797 Varro
2641 707 2722 753 Ν·

360 844 514 895 non
558 820 718 918 jam
798 828 983 894 BHP
1036 822 1170 897 sed
1240 830 1427 897 ΡΗΡ.
1560 824 1757 898 Cum
1817 846 2000 898 vero
2064 823 2144 898 in
2211 846 2558 897 sermone

365 920 629 994 lonico
680 921 1157 1018 aspirationis
1209 923 1375 997 Vm
1408 932 1745 1020 potestas
1779 923 2092 1020 quidem
2149 923 2553 1008 obtineret,

362 1020 501 1093 sed
554 1018 795 1116 figura
840 1019 1257 1117 majuscula
1303 1033 1513 1097 certe
1564 1046 1715 1096 non
1771 1022 2008 1108 item;
2063 1022 2241 1096 inde
2270 1020 2558 1095 factum

362 1127 505 1205 est,
539 1129 626 1192 ut
661 1119 1177 1194 Romanorum
1212 1121 1693 1196 doctissimus
1724 1145 1819 1196 ex
1853 1122 2245 1196 elementis
2284 1121 2559 1194 Ionicis

362 1218 445 1293 id
506 1218 961 1306 adhibuerit,
1030 1221 1238 1317 quod
1309 1221 1405 1295 ad
1487 1218 1968 1318 aspirationis
2028 1220 2229 1295 illius
2289 1244 2562 1295 sonum

360 1318 710 1416 proxime
769 1319 1187 1395 accederet.
1313 1320 1526 1409 Idem
1585 1321 1663 1394 in
1722 1320 1959 1418 ipsius
2013 1320 2374 1395 Varronis
2431 1343 2562 1393 no-

362 1417 567 1492 mine
627 1418 1093 1514 designando
1146 1443 1195 1493 a
1250 1418 1619 1516 Dionysio
1677 1419 2056 1494 Halicarn.
2107 1418 2400 1493 factum
2451 1419 2563 1493 vi·-

365 1517 651 1591 demus.
756 1517 951 1591 Cum
1010 1519 1279 1616 utique
1337 1519 1410 1593 ei
1471 1541 1817 1593 sermone
1869 1517 2168 1591 AEolico
2219 1541 2369 1590 non
2399 1516 2562 1613 jam

366 1615 615 1689 utenti
698 1615 1077 1715 digamma
1156 1617 1544 1693 AEolicum
1625 1617 1981 1690 adhibere
2050 1616 2265 1690 nefas
2341 1629 2562 1703 esset,

366 1715 622 1789 caeteri
675 1727 930 1790 autem
992 1717 1264 1804 Graeci,
1330 1717 1479 1791 nisi
1539 1714 1739 1790 forte
1801 1716 2070 1803 Dores‚
2118 1715 2361 1812 figura
2410 1739 2566 1789 ma-

358 1813 662 1911 juscula
694 1815 1122 1913 indigerent
1158 1840 1327 1913 quae
1362 1816 1634 1891 Latino
1672 1816 1739 1889 V
1789 1815 2357 1911 aequipolleret3
2412 1838 2565 1888 non

368 1912 632 1989 habuit
678 1916 1005 2013 scriptor
1062 1917 1369 1990 Graecus
1425 1939 1578 2012 quo
1636 1914 1732 1987 ad
1791 1936 2046 1988 veram
2099 1922 2566 2011 potestatem

362 2037 505 2112 pro
562 2015 681 2088 ius
717 2016 1113 2089 accederet
1146 2040 1373 2114 quam
1410 2019 1775 2089 ΒΑΡΡΩΝ
1804 2016 1856 2052 ³⁰
1888 2013 2311 2091 scribendo.

529 2115 788 2188 lorum
873 2125 1130 2189 autem
1201 2113 1808 2193 testimoniorum
1891 2112 2048 2188 vim
2116 2112 2565 2189 imminuere

364 2305 496 2382 quit
552 2302 917 2373 anrums,
991 2308 1029 2338 “
1066 2304 1122 2363 si
1170 2303 1228 2363 in
1298 2302 1416 2363 ulla
1516 2316 1633 2363 tem
1705 2304 1910 2383 fugias,
1987 2318 2189 2362 auctor
2259 2302 2364 2363 tibi
2443 2322 2561 2360 ero.

368 2384 705 2443 eruditionis
723 2398 905 2463 parte,
925 2383 984 2443 in
1000 2382 1111 2441 hac
1126 2383 1417 2463 praecipue
1518 2383 1731 2442 Nullus
1789 2384 1945 2443 enim
2009 2383 2215 2441 solidae
2286 2382 2563 2442 doctrinm

365 2474 479 2524 νῦν
504 2466 910 2544 ἐτυμολογιῶν,
942 2483 1090 2542 opus
1116 2476 1207 2522 est
1229 2465 1417 2524 solido
1516 2465 1755 2533 fructus,
1803 2463 1960 2523 nulla
1983 2463 2140 2542 apud
2166 2463 2432 2522 cordatos
2456 2463 2561 2520 ho-

364 2558 431 2603 et
471 2546 710 2603 subacto
748 2543 974 2624 judicio
1010 2541 1320 2623 [acerrimo
1358 2559 1417 2603 et
1516 2545 1699 2602 mines
1728 2543 1911 2621 gloria
1953 2543 2255 2621 provenire
2297 2543 2429 2601 hinc
2457 2561 2564 2619 po-

364 2625 753 2683 sincerissimo
789 2623 1013 2702 judicio
1061 2623 1142 2681 R.
1166 2622 1240 2683 B.
1271 2623 1417 2682 Ber-
1519 2624 1669 2683 terit.
1755 2623 2065 2699 Nunquam
2107 2622 2284 2699 igitur
2309 2622 2414 2681 tibi
2433 2621 2564 2680 dix·

371 2702 570 2773 nardo,
607 2723 667 2782 p.
698 2700 900 2781 169.]:
942 2722 1061 2780 quo
1094 2702 1196 2780 qui
1238 2703 1418 2762 desti·
1514 2722 1635 2772 ero,
1677 2703 1832 2763 unde
1872 2702 2051 2762 Sileni
2091 2717 2192 2760 aut
2232 2703 2423 2780 Satyri
2463 2701 2566 2760 ad-

366 2796 632 2853 suuntur,
654 2784 979 2861 turpissime
995 2802 1059 2841 se
1075 2780 1214 2841 dare
1229 2781 1417 2842 solent
1513 2783 1708 2860 pellati
1727 2783 1867 2842 sint:
1889 2795 1966 2853 at,
1990 2782 2148 2860 quod
2170 2782 2340 2859 longe
2359 2781 2566 2842 melius

362 2877 431 2922 et
481 2862 822 2922 deridendos
872 2862 1194 2941 propinare.
1329 2861 1418 2921 Ea
1513 2876 1622 2933 est,
1665 2863 1725 2921 id
1751 2864 1854 2921 tibi
1892 2863 1950 2922 in
1972 2881 2168 2921 aurem
2195 2861 2564 2931 instillaverm

366 2944 522 3002 euim
548 2957 639 3002 est
662 2942 886 3002 indoles
926 2942 1249 3021 linguarum
1279 2940 1415 3001 Ori·
1516 2956 1583 3001 ut
1599 2942 1657 3001 in
1677 2943 1766 3000 his
1783 2943 2071 3001 sentientis
2095 2943 2396 3020 ruspaudis
2419 2940 2565 3001 nolis

366 3022 662 3094 eutalium,
706 3037 773 3082 ut
798 3022 848 3080 si
880 3021 1016 3101 (pro
1042 3041 1201 3081 more
1231 3022 1415 3080 homi·
1514 3022 1807 3100 ingenium
1854 3034 2020 3080 tuum
2064 3035 2124 3079 et
2170 3022 2348 3079 bonas
2395 3024 2566 3081 horas

364 3122 529 3174 uum,
566 3104 669 3180 qui
699 3103 759 3161 iu
787 3121 856 3161 ea
882 3122 945 3160 re
968 3101 1140 3160 hodie
1164 3101 1417 3162 lauream
1519 3101 1867 3161 conterere.'’
1947 3101 2026 3160 R.
2055 3100 2135 3159 B.
2183 3101 2368 3180 Getes.
2397 3101 2565 3160 Ries-

366 3184 662 3262 qnoerunt)
718 3181 1003 3241 vocalium
1053 3180 1211 3241 nulla
1271 3181 1419 3239 ratio
1516 3190 1656 3251 tero,
1699 3200 1757 3258 p.
1790 3187 1888 3240 43.

370 3262 666 3332 habeatur,
728 3260 1164 3321 consonantium
1226 3274 1419 3319 autem
1601 3267 1699 3320 30.
1725 3259 1899 3319 Ρελέα
1947 3257 2118 3339 prisci
2148 3261 2383 3328 Greciz
2421 3264 2568 3318 Οὑε-

368 3342 720 3420 permutatio
773 3356 891 3400 tam
958 3341 1240 3419 patienter
1315 3339 1419 3399 sd·
1516 3339 1629 3399 λέα
1652 3339 1996 3400 Graecanici.
2014 3340 2318 3399 Ptolomoei
2337 3339 2569 3414 Geogr.

366 3421 922 3560 arms&
942 3420 1421 3558 amm
1519 3421 1808 3559 sacza?-
1865 3417 2572 3556 stes-21:⁸35&

373 3579 718 3639 Grecorum
742 3600 811 3640 su
925 3578 1044 3639 llex
1078 3599 1154 3638 ex
1178 3578 1423 3639 Oriente
1516 3579 1693 3637 ‘EMc
1717 3590 1779 3636 et
1810 3578 1997 3635 Βελέα
2013 3575 2233 3634 dieitur
2259 3576 2302 3634 S
2552 3619 2571 3646 ‚

374 3658 686 3736 deportari.
854 3658 1118 3738 uperiore
1204 3657 1422 3717 saeculo
1516 3656 1814 3735 quomodo
1901 3655 2215 3733 Ὀυάρρυη
2314 3657 2570 3735 Βάρρων,

383 3736 661 3817 Goropt'us
720 3736 994 3809 Because,
1059 3738 1149 3798 vir
1206 3737 1422 3814 alioqui
1519 3736 1682 3814 quod
1709 3734 1978 3814 quadam
1999 3737 2266 3815 cognatio
2288 3737 2363 3798 sit
2388 3744 2486 3797 τοῦ
2517 3737 2570 3795 V

368 3817 587 3878 doctus
636 3831 695 3877 et
740 3817 973 3897 ingemo
1018 3837 1134 3877 non
1177 3816 1422 3895 vulgari,
1523 3814 1834 3894 διγᾶμμον,
1870 3815 1963 3875 vel
1991 3815 2059 3874 W
2090 3816 2398 3879 Teutonici
2438 3835 2572 3878 cum

366 3898 568 3958 omnia
608 3897 828 3977 lingum
876 3896 1110 3957 Ebraeae
1143 3896 1423 3957 vocabula
1526 3895 1593 3966 B,
1664 3896 1989 3974 praesertim
2058 3897 2211 3976 apud
2277 3898 2573 3959 Vascones

366 3997 449 4037 ex
516 3977 878 4038 Brabanticis
948 3976 1235 4037 deducere
1315 3996 1421 4054 ag-
1519 3975 1655 4054 (qui
1697 3975 1810 4035 hoc
1850 3976 1994 4037 vitio
2036 3980 2248 4040 misere
2289 3979 2573 4046 laborant,

373 4076 608 4133 gressus
634 4071 759 4117 est:
802 4058 907 4116 vix
942 4057 1128 4135 magis
1167 4057 1422 4126 insanus,
1521 4055 1613 4115 H.
1642 4054 1867 4136 steph.)
1919 4055 2485 4138 Novempopulanos,
2515 4068 2577 4113 et

372 4153 552 4211 quam
596 4137 697 4215 qm‘
764 4137 937 4197 hodie
984 4137 1178 4196 omnia
1228 4150 1426 4195 nostra
1527 4135 1877 4218 Hispanos.''
1932 4138 2194 4217 Scaliger
2235 4137 2310 4196 sd
2352 4134 2573 4193 Euseb.

374 4233 458 4272 ex
534 4213 764 4275 Ebraeis
852 4230 1050 4295 petere
1125 4231 1425 4286 conantur,
1632 4223 1860 4278 111==1
1879 4224 1967 4278 19.
2068 4224 2107 4258 ‘⁶
2147 4217 2357 4275 Strabo
2400 4211 2578 4272 modo

374 4291 745 4354 febriculosi.
802 4295 1149 4376 conjecturis
1206 4309 1269 4354 et
1341 4297 1429 4354 in-
1661 4299 1826 4358 'mr
1868 4297 2084 4365 scriffit,
2127 4294 2302 4353 modo
2345 4291 2581 4368 ραονέν-

306 4375 317 4380 ’
374 4372 589 4432 anibu-
704 4375 1129 4453 suspicionibus
1276 4373 1427 4434 freti.
1537 4376 1700 4436 rur?
1743 4376 2050 4437 Rubor-tell.
2095 4371 2400 4433 Emendat.
2451 4372 2581 4436 Lib.

382 4451 558 4513 Hanc
626 4467 693 4514 tu
762 4467 831 4513 ut
884 4455 1243 4531 ingeniorum
1300 4473 1431 4532 pes-
1539 4475 1578 4522 r,
1609 4475 1755 4516 xxx.

1637 4580 1760 4631 Ee
