3032 4898
307 661 491 713 mor.

357 727 444 774 lv.

337 2783 477 2852 123

1513 444 1675 514 222

613 633 960 708 Alterum
1056 630 1459 708 vetustatis
1550 637 2129 705 monumentum
2226 632 2714 705 conservavit

518 732 925 808 Athenaeus
963 732 1108 825 [xr.
1153 734 1323 804 466.
1361 730 1525 823 F.],
1555 730 1761 827 quod
1795 730 1875 803 in
1926 727 2092 803 istis
2122 725 2387 802 Achaei
2446 730 2719 826 tragici

517 831 858 906 versibus
903 830 1370 905 continetur:

714 984 775 1051 Ο
811 980 877 1050 δε
909 996 1152 1071 σκυφος
1184 1008 1259 1064 με
1286 1009 1401 1049 του
1447 979 1589 1049 θεου
1617 979 1802 1048 καλει
1834 977 2066 1059 παλαι,

707 1081 802 1148 To
833 1109 1091 1174 γραμμα
1124 1094 1352 1169 ‹pamm›
1386 1081 1714 1160 ΔΕΛΤΑ,
1763 1079 2008 1159 ῙΩΤΑ,
2054 1104 2159 1144 και
2189 1104 2410 1170 τριτον

710 1180 798 1246 O.
855 1181 915 1247 Ν
951 1208 1067 1250 του
1094 1182 1156 1246 Υ
1189 1196 1480 1270 τωρωι-ι’
1528 1204 1690 1245 novet
1723 1204 2063 1256 απουσιαν,

713 1278 812 1344 Ex
844 1304 1210 1345 τουπεκεινο
1247 1278 1454 1357 ΣΑΝ,
1505 1304 1649 1343 τοτε
1686 1278 1748 1342 O
1784 1300 2191 1368 κηρυσσετον.

507 1419 634 1494 Ita
691 1420 956 1516 utique
1014 1420 1249 1516 vulgo
1305 1427 1963 1516 repraesentantur.
2071 1417 2389 1490 Versum
2443 1424 2701 1490 autem

510 1518 822 1591 tertium
873 1518 982 1591 sic
1033 1517 1556 1614 refingendum
1598 1517 1978 1615 judicavit
2036 1514 2707 1613 praestantissimus
2830 1557 2841 1562 ·

513 1615 1011 1690 casaubonus
1035 1640 1053 1688 ε

811 1759 900 1824 Ο.
960 1757 1060 1822 Νυ
1092 1783 1128 1822 τ’
1161 1784 1240 1822 av
1268 1784 1553 1850 παρεστε,
1608 1780 1766 1822 novet
1794 1782 2058 1822 απεστιν
2091 1756 2174 1819 Υ.

507 1896 587 1969 in
631 1917 852 1971 versu
904 1896 1136 1970 etiam
1188 1896 1454 1969 ultimo
1499 1897 1702 1970 idem
1745 1895 2013 1970 scribit
2066 1926 2146 1966 το
2203 1928 2241 1963 r
2289 1901 2395 1966 O:
2446 1892 2699 1968 locum

506 2002 761 2067 autem
818 1994 925 2068 sic
977 1994 1175 2067 inter
1228 2002 1563 2067 retatur:
1651 1993 1951 2067 Dudum
2006 2003 2121 2066 est
2173 2017 2331 2066 cum
2378 2017 2487 2065 me
2545 1993 2703 2065 Dei

504 2092 820 2190 scyphus
870 2102 1100 2175 vocat,
1184 2093 1443 2166 iterum
1501 2094 1883 2167 ostendens
1916 2100 2005 2179 Δ,
2059 2096 2118 2178 1,
2164 2100 2241 2164 et
2272 2091 2565 2164 tertiam
2609 2098 2698 2166 Ο.

504 2190 724 2264 etiam
781 2196 842 2261 N
891 2190 1104 2264 adest
1120 2217 1152 2274 ,·
1222 2216 1447 2289 neque
1510 2192 1718 2265 abest
1771 2198 1854 2264 Y.
1919 2191 2224 2263 ulterius
2274 2190 2701 2288 proediccmt

506 2288 658 2361 Dei
703 2313 949 2361 nomen
996 2290 1160 2362 duoe
1189 2288 1429 2362 literoe
1476 2296 1535 2362 Σ
1585 2301 1662 2363 et
1703 2298 1786 2363 O.
1893 2289 2178 2363 Verum
2224 2286 2454 2383 juxta
2501 2289 2696 2362 hanc

503 2385 1209 2485 interpretationem
1265 2396 1483 2463 atrox
1532 2388 1613 2462 in
1665 2388 1951 2489 Graecis
2000 2387 2319 2462 habetur
2378 2387 2701 2461 soloecis-

504 2507 701 2573 mus,
735 2493 796 2560 Ο
832 2507 1075 2582 σκυφος
1111 2506 1374 2581 φαινονὲ
1425 2510 1675 2584 neque
1709 2488 1911 2561 enim
1944 2486 2067 2559 hic
2101 2504 2329 2579 φαινον
2353 2485 2694 2561 archaice

504 2585 732 2658 scribi
786 2608 926 2683 pro
960 2605 1201 2680 φαινων
1252 2596 1698 2683 argumento
1753 2595 1870 2661 est
1902 2586 2220 2659 alterum
2266 2584 2452 2658 illud
2504 2589 2690 2659 Ιωτα.

503 2682 844 2778 Utraque
890 2709 1123 2798 porro
1172 2684 1612 2781 conjectura
1665 2685 1830 2759 viro
1886 2706 2180 2757 summo
2233 2683 2478 2758 minus
2537 2682 2696 2757 feli-

501 2780 692 2853 citer
723 2790 969 2854 cessit.
1074 2784 1369 2879 Nempe
1399 2784 1695 2869 tertius,
1731 2806 1959 2878 quem
1982 2781 2430 2870 venditavit,
2456 2784 2498 2827 ¹*
2531 2806 2694 2856 ver-

499 2900 627 2950 sus
678 2877 928 2952 nullus
991 2888 1125 2952 est.
1238 2882 1312 2951 Ν
1315 2904 1402 2953 ec
1446 2905 1629 2955 vero
1673 2882 1739 2955 si
1776 2887 1874 2952 Nu
1921 2915 1986 2952 τε
2033 2916 2114 2952 av
2166 2880 2450 2954 scribas
2485 2881 2689 2977 quod

500 2982 579 3049 et
645 2999 692 3048 a
743 2975 907 3048 viro
965 2976 1272 3050 doctiss.
1344 2980 1775 3075 profectum
1837 2978 2210 3065 existimo,
2278 2979 2690 3075 quidquam

497 3072 955 3244 {rofecerisz
1005 3098 1175 3150 nam
1224 3075 1304 3148 in
1338 3100 1600 3151 versus
1653 3077 2043 3151 scansione
2092 3077 2508 3151 necessario
2556 3077 2689 3149 eli-

553 3172 748 3246 enda
793 3180 912 3246 est
962 3173 1242 3246 vocalis
1292 3175 1543 3250 brevis
1594 3184 1957 3271 sequente
2013 3176 2273 3249 altera.
2380 3175 2470 3249 In
2519 3174 2686 3249 istis

494 3277 753 3344 autem
796 3304 871 3343 το
917 3306 954 3342 τ
1003 3278 1064 3344 Ο
1118 3270 1418 3345 articuli
1475 3296 1659 3348 usus
1715 3273 1959 3346 Graeci
2028 3274 2395 3348 sermonis
2450 3273 2686 3348 indoli

493 3369 955 3444 adversatur.
1080 3369 1471 3444 Faciamus
1520 3371 1685 3468 jam
1735 3380 1817 3446 et
1866 3394 2005 3445 nos
2058 3372 2507 3469 periculum,
2585 3396 2683 3446 an

491 3629 583 3683 καὶ
653 3629 851 3706 ἅτερος
910 3623 1123 3702 λόγος”
1199 3622 1412 3703 [ἄλλος
1457 3644 1536 3684 ex
1639 3636 1851 3703 quente
1878 3648 1918 3682 α
1952 3619 2141 3682 crasin
2167 3621 2356 3684 facere
2382 3625 2441 3685 in
2468 3651 2528 3699 α,
2566 3647 2686 3688 non

490 3702 674 3761 MSS.
704 3707 880 3765 Arch.
910 3706 1070 3766 Pasa.
1101 3705 1250 3765 Ask.
1278 3704 1540 3784 praetulit
1636 3705 1697 3763 in
1725 3730 1786 3775 ω,
1842 3703 2021 3782 Soph.
2067 3700 2209 3761 OEd.
2265 3701 2338 3760 T.
2399 3725 2487 3764 m.
2543 3712 2679 3766 356.

499 3780 937 3862 Weuelingim}
958 3792 993 3819 “
1012 3799 1072 3844 et
1095 3785 1155 3845 in
1175 3784 1274 3863 Aj.
1299 3782 1536 3863 [1109]
1637 3783 1778 3843 Ant.
1802 3789 1939 3845 275.
1966 3784 2139 3841 1059.
2184 3779 2509 3842 Menander
2525 3785 2683 3859 apud

489 3858 806 3936 Sophocles
856 3864 960 3920 εἴθ’
1034 3865 1231 3940 ἅτερος
1297 3886 1536 3941 στρατη-
1634 3862 1799 3923 Stob.
1825 3863 1873 3921 F
1873 3864 1982 3923 lor.
2009 3860 2179 3917 Grot.
2251 3898 2266 3915 .
2296 3860 2433 3915 29.”
2511 3861 2681 3919 conf.

488 3937 650 4014 γός.”
714 3937 1023 3998 Proba-net
1066 3953 1221 3999 certe
1250 3955 1535 4019 μαῖαι·
1634 3941 1880 4021 Benget.
1934 3940 1995 3998 in
2050 3936 2183 3993 Ρη
2211 3975 2228 3991 ·
2279 3934 2357 3991 N·
2398 3932 2474 3992 T·
2517 3948 2578 3994 et
2616 3938 2678 3997 in

488 4017 741 4077 tissimus
767 4017 875 4087 vir,
918 4018 968 4075 si
1002 4036 1253 4078 marmor
1295 4019 1534 4097 Sigeum
1634 4020 1732 4098 Ap
1871 4032 1936 4078 tu
2016 4011 2207 4082 crit.;
2293 4010 2531 4072 Lobeck.
2603 4017 2681 4077 ad

487 4096 661 4234 titulo
751 4096 1062 4174 impensius
1146 4096 1525 4174 explorasset.
1626 4039 1932 4176 Soffij
1954 4101 2012 4154 9.
2047 4094 2464 4150 1181-1185.
2489 4115 2506 4161 ς
2534 4094 2682 4153 But-

552 4195 659 4235 anc
698 4175 871 4235 etiam
906 4173 1189 4234 scribendi
1231 4176 1526 4236 rectitudi-
1623 4195 1810 4235 mn.
1861 4174 1937 4233 ad
1992 4167 2172 4246 Sopb-
2222 4166 2333 4227 Ph.
2389 4177 2488 4231 40.
2539 4178 2674 4235 119.

481 4252 1527 4400 emm...
1625 4260 1764 4392 22¹,-
2038 4247 2222 4389 5⁰¹3
2244 4249 2652 4395 anf...-
2610 4274 2670 4332 Ρ·

1020 4376 1035 4392 .
1173 4372 1207 4401 .,
1748 4373 1786 4401 .,
1943 4374 1959 4390 .
2020 4371 2036 4388 .
2106 4371 2121 4387 .
2306 4372 2321 4391 .
2405 4377 2422 4392 .
2658 4375 2677 4393 .

482 4411 604 4501 lent
655 4414 835 4477 Attici
876 4411 1101 4476 articuli
1145 4410 1209 4472 τὸ
1255 4428 1387 4470 cum
1430 4429 1524 4470 se-
1624 4410 1682 4471 in
1709 4409 1843 4472 Pac.
1870 4415 2014 4473 269.

1372 4518 1443 4573 13
