3032 4898
1168 468 1603 548 ruitur-10.
2176 474 2489 550 *xxxvii

269 694 543 749 eruere
572 680 819 773 atque
871 672 953 748 in
999 672 1253 751 lucem
1286 673 1671 753 retrahere
1702 672 2003 763 nititur,
2065 673 2177 755 illi
2229 684 2502 757 metuo

272 804 365 875 ut
390 797 645 873 desint
678 796 1046 886 subsidia,
1075 822 1243 896 quae
1278 824 1377 874 ex
1410 800 1682 879 intimo
1716 801 2140 899 augurandi
2174 801 2499 881 artificio

270 944 673 1018 nunquam
707 922 1130 1021 depromet.

381 1046 587 1123 Huic
628 1046 874 1131 ‚alteri
933 1046 1252 1122 editioni
1325 1048 1865 1127 Sanctamndi
1930 1050 2499 1131 observationes

276 1172 363 1247 in
398 1171 807 1248 Comicum
839 1171 1107 1261 debeo,
1151 1181 1233 1249 et
1263 1172 1357 1249 iis
1392 1173 1762 1271 quasdam
1795 1175 2159 1255 Mattlaeaei
2193 1177 2502 1278 Rapere

279 1296 703 1395 exemplari
750 1296 1281 1397 suppeditatas
1340 1321 1496 1373 non
1549 1323 1865 1399 prorsus
1921 1309 2208 1381 temere
2267 1302 2498 1377 inter-

283 1420 540 1521 posui.
620 1421 743 1496 Ex
777 1421 1049 1497 eodem
1084 1421 1297 1498 fonte
1326 1423 1811 1501 Trnwmrn
1848 1434 2006 1505 tam
2027 1426 2500 1503 humanitate

290 1544 530 1625 animi
561 1569 784 1644 quam
811 1546 1180 1621 comitate
1209 1569 1511 1643 morum
1536 1548 1824 1623 nemini
1848 1549 2188 1638 secundi,
2205 1574 2503 1627 necnon

305 1669 679 1768 exquisita
707 1679 786 1745 et
821 1670 1194 1768 singulari
1228 1671 1663 1749 eruditione
1689 1672 1889 1747 inter
1922 1696 2079 1755 suae
2112 1672 2359 1753 aetatis
2390 1673 2504 1748 in.-

295 1818 595 1894 genuos
644 1794 862 1871 facile
924 1795 1318 1896 principis,
1382 1795 1855 1877 schediasma
1911 1798 2008 1872 ad
2064 1797 2506 1874 Dawesium

288 1919 538 1997 hausi.
638 1921 849 1996 Alias
909 1918 1142 1997 etiam
1178 1919 1496 1999 schedas
1531 1922 1722 1998 meis
1769 1922 2038 1998 usibus
2072 1922 2506 2003 humaniter

288 2045 678 2122 concessit
721 2045 1045 2127 Thomas
1090 2045 1574 2145 Tyrwhittus,
1605 2045 1809 2123 illius
1844 2046 2347 2145 propinquus,
2377 2047 2504 2123 cui

286 2170 581 2247 idcirco
616 2193 759 2269 pro
809 2169 960 2246 hoc
994 2192 1308 2246 munere
1343 2171 1638 2249 debitas
1695 2195 1842 2270 ago
1895 2194 2278 2270 agamque
2327 2194 2504 2270 gra-

290 2294 458 2371 tias.
565 2292 799 2378 Quod
845 2293 1407 2371 dedicationem
1458 2295 1639 2371 huic
1687 2296 1875 2373 Viro
1921 2298 2018 2371 ab
2070 2296 2318 2372 amico
2364 2318 2508 2371 suo
2595 2292 2604 2299 ’

290 2417 683 2520 praefixam
715 2419 1171 2495 servandam
1220 2420 1673 2508 curaverim,
1729 2428 1985 2496 totum
2045 2419 2218 2508 hoc,
2267 2419 2513 2500 lector

292 2544 652 2644 benigne,
701 2553 886 2643 peto
921 2553 1153 2643 atque
1190 2543 1557 2642 efflagito,
1611 2551 1704 2617 ut
1747 2542 2257 2617 observantiae
2288 2542 2517 2618 bene-

295 2667 804 2767 volentiaeque
860 2669 1152 2768 potius,
1206 2692 1438 2766 quam
1504 2665 1754 2740 inanis
1824 2663 2092 2763 gloriae
2149 2665 2513 2765 aucupio,

306 2801 707 2892 acceptum
773 2792 1058 2874 referre
1114 2794 1322 2874 velis.
1425 2792 1729 2872 Merces
1777 2814 2084 2891 quoque
2137 2791 2517 2892 pretiosas

304 2917 729 3008 Bam-mm,
769 2919 905 3020 qui
941 2944 1325 2997 summum
1358 2917 1685 2996 Critices
1721 2916 2236 3018 principatum
2271 2925 2510 3012 tenet,

298 3042 381 3120 in
434 3044 634 3121 meis
690 3044 1339 3126 adnotatiunculis
1397 3068 1555 3124 non
1618 3066 1790 3118 raro
1848 3043 2206 3142 reperies,
2315 3043 2516 3118 Pon-

299 3192 547 3246 sonus
606 3169 865 3259 etiam,
914 3170 1048 3268 qui
1105 3169 1459 3251 Bentleio
1519 3167 1751 3246 unico
1808 3151 2075 3246 fasces
2108 3168 2517 3258 submittit,

300 3294 656 3374 Daweeio
713 3319 858 3371 suo
902 3318 1129 3393 opem
1185 3294 1707 3394 auxiliumque
1759 3293 2141 3382 contulit;
2215 3292 2517 3368 addita,-

299 3430 566 3496 menta
618 3444 716 3495 ex
764 3420 1205 3521 exemplari,
1260 3420 1469 3519 quod
1526 3420 1718 3498 mihi
1770 3417 2143 3494 benevole
2180 3416 2515 3506 donavit,

299 3545 697 3645 descripta
762 3545 926 3622 suis
980 3546 1165 3622 locis
1224 3543 1518 3644 adjeci:
1571 3544 1952 3620 accedunt
2021 3550 2102 3620 et
2170 3539 2517 3638 ejusdem

306 3671 483 3756 alia,
512 3671 727 3768 quasi
760 3670 1204 3771 praesidium
1237 3679 1318 3746 et
1353 3676 1888 3747 ornamentum
1921 3667 2301 3757 Daweeio,
2334 3692 2520 3769 quo-

307 3817 487 3869 rum
519 3794 896 3896 inspectio
948 3793 1425 3869 humanitate
1460 3790 1608 3870 viri
1656 3789 2096 3870 amicissimi
2145 3793 2334 3872 mihi
2388 3819 2517 3871 ce-

306 3919 541 3996 debat
568 3943 593 3992 τ
622 3919 669 3994 J
677 3918 1019 3995 uveniles
1045 3916 1496 4022 plerumque
1531 3928 1759 4006 notae,
1786 3928 2285 3998 veruntamen
2321 3919 2521 3995 Pon·-

302 4065 491 4136 ροισι
533 4040 874 4144 juvenis,
925 4066 1113 4140 quas
1167 4042 1598 4131 extuderat,
1647 4043 1835 4122 dum
1867 4046 2347 4132 accrescebat
2383 4068 2520 4143 po-

310 4169 469 4244 tius
503 4192 739 4267 quam
775 4166 1027 4244 adhuc
1063 4167 1503 4248 adoleverat
1534 4167 1818 4267 linguae
1853 4169 2147 4250 notitia·

412 4295 521 4372 At
558 4293 696 4368 Vir
730 4292 856 4368 ille
890 4290 1419 4380 amicissimus,
1453 4291 1676 4392 cujus
1714 4317 1993 4372 nomen
2028 4289 2327 4371 cunctis
2358 4289 2522 4389 pie-

316 4421 499 4496 tatis
536 4418 810 4497 officiis
862 4441 1313 4520 prosequor,
1347 4418 1796 4502 ἆνεπίληπτον
1849 4415 2153 4502 ἦσκηκῶς
2203 4414 2386 4510 βίον,
2423 4417 2522 4494 ad

316 4545 577 4644 plures
644 4541 1000 4622 decessit.
1100 4542 1452 4620 Donum
1504 4540 1798 4636 majora
1849 4536 2094 4610 indies
2146 4547 2227 4612 et
2283 4537 2525 4630 magis

321 4672 561 4748 ardua
588 4668 995 4768 meditanti
1015 4669 1294 4746 acerba
1314 4666 1455 4750 fati
1474 4661 1596 4736 vis
1613 4654 2066 4731 intercessit.
2171 4654 2522 4727 Vidimus
