3032 4898
1549 409 1691 483 1⁰4

292 640 471 756 ’Ψ
513 606 846 785 333253’
868 612 1270 785 ιῖἐίῗιῗὲὲῗ
1296 596 2127 779 ⁵³1¹1¹²ffi¹22¹1332⁶¹1¹2t20‘¹‘³⁰⁵
2145 606 2721 790 amuoemfflss

295 795 490 821 ‘'⁵''
517 804 1119 906 amphibrachyn
1180 801 1551 899 spondeo,
1616 800 1965 896 adeoque
2031 797 2334 893 dactylo
2395 808 2481 875 et
2541 822 2722 876 ana-

569 914 780 993 aesto,
813 904 1100 1002 pariter
1133 902 1496 973 αντιπαθειν
1529 898 1789 979 videre
1817 897 1957 983 sit;
2010 896 2173 971 sive
2213 920 2350 971 cur
2400 920 2538 996 pes
2572 899 2724 977 iste

630 1027 857 1079 versu
894 1022 1142 1099 neque
1174 997 1655 1097 anapaestico‚
1694 1018 1945 1093 neque
1977 995 2387 1084 trochaico,
2420 1019 2561 1085 nec
2596 999 2727 1073 de-

511 1104 591 1179 ni
648 1126 746 1177 ue
790 1099 1118 1177 iambico
1161 1096 1697 1205 conspiciatur.
1805 1093 2051 1192 Cujus
2102 1103 2355 1169 tamen
2403 1096 2516 1171 rei
2566 1120 2724 1177 non

510 1224 601 1277 so
630 1224 764 1279 um
792 1200 1166 1279 rationem
1183 1196 1548 1274 anemine
1583 1203 2059 1292 occupatam,
2078 1195 2213 1271 sed
2240 1203 2321 1269 et
2348 1217 2447 1269 ne
2475 1195 2723 1295 ipsam

509 1300 819 1398 quidem
868 1321 1032 1374 rem
1081 1297 1557 1373 observatam
1598 1292 1929 1369 memini.
2037 1292 2181 1369 Est
2230 1293 2497 1390 utique
2547 1294 2720 1377 luce

516 1400 820 1487 clarius,
842 1398 914 1473 si
939 1404 1182 1471 totam
1199 1395 1484 1494 pedum
1506 1392 2012 1492 quantitatem
2038 1399 2358 1490 spectes,
2385 1393 2724 1475 trochaeo

516 1499 876 1585 iambum,
1006 1494 1256 1570 ondeo
1295 1493 1641 1589 adeoque
1679 1491 1984 1589 dactylo
2016 1491 2249 1566 etiam
2281 1499 2512 1595 atque
2548 1516 2722 1577 ana-

511 1591 1275 1773 Ρῖῗεέιῗὲωωζῗ
1356 1591 2025 1764 magiam?
2065 1648 2485 1763 mmm
2546 1723 2720 1764 02„-

512 1796 781 1875 aenflemc
810 1790 1186 1865 rationem
1216 1787 1629 1865 tentavisse
1677 1786 1985 1905 quidem
2033 1787 2167 1865 sed
2211 1810 2484 1889 parum
2517 1810 2720 1873 asse-

510 1898 777 1965 cutum
811 1911 979 1963 esse
1010 1887 1262 1975 video,
1294 1886 1624 1961 multum
1653 1885 1836 1963 hcet
1873 1885 1956 1960 in
1986 1908 2070 1960 re
2103 1887 2439 1977 metrica,
2479 1888 2529 1959 J
2531 1911 2714 1969 oan-

512 2010 687 2067 nem
736 1986 966 2085 King,
1008 1986 1434 2060 dramatum
1486 1985 1777 2082 aliquot
1833 1984 2420 2082 Euripideorum
2475 1985 2720 2065 edito-

508 2108 760 2258 {Qu
832 2083 1623 2280 ffatim}
1654 2082 2321 2278 {z‘sszffitffffl’
2340 2084 2720 2258 50⁰3ss

403 2303 417 2319 ·
512 2290 564 2325 “
598 2281 753 2361 iam
805 2305 855 2356 o
893 2281 1367 2379 temporibus
1462 2304 1548 2355 ar
1592 2303 1694 2354 ex
1742 2281 2073 2355 carmine
2115 2281 2443 2355 iambico
2481 2282 2720 2357 nihilo

512 2388 567 2424 “
596 2381 850 2460 minus
880 2388 1260 2480 perpetuo
1288 2403 1435 2466 exc,
1460 2380 1763 2462 udatur.
1827 2378 1918 2464 Id
1939 2388 2201 2458 autem
2231 2379 2394 2462 fieri
2411 2381 2720 2463 videtu

332 2507 437 2578 64
511 2487 559 2523 ‘⁴
588 2481 884 2564 duabus
934 2481 1037 2562 de
1084 2480 1360 2562 causis.
1483 2479 1738 2564 Primo
1767 2479 1938 2576 ipsa
1989 2479 2448 2577 syllabarum
2501 2482 2717 2560 'dis-

513 2589 563 2624 “
586 2578 875 2680 positio
912 2588 996 2658 et
1030 2579 1147 2658 rei
1184 2578 1497 2658 musicae
1538 2578 1945 2653 necessitas
1995 2579 2716 2675 repugnat.”·—Pro—

514 2679 719 2754 fecto
751 2679 818 2753 si
848 2678 975 2752 hic
1008 2678 1471 2753 substitisset
1490 2678 1610 2753 vir
1628 2677 1994 2764 eruditus,
2025 2676 2232 2751 haud
2265 2677 2425 2754 scio
2458 2700 2712 2753 annon

512 2775 764 2850 videri
853 2785 1056 2849 osset
1084 2776 1165 2849 id
1188 2776 1445 2872 ipsum
1470 2776 1801 2853 voluisse
1820 2776 2032 2872 quod
2064 2798 2205 2848 nos
2229 2774 2393 2871 jam
2423 2778 2717 2852 monui-

516 2895 711 2948 mus.
797 2800 1088 2947 g'erum
1119 2873 1487 2949 hactenus
1516 2873 1770 2948 felicia
1804 2896 2074 2970 parum
2105 2873 2429 2949 feliciter
2457 2876 2717 2973 pergit

516 2970 916 3070 explicare.
1009 2980 1056 3012 “
1076 2971 1384 3052 lumbus
1421 2972 1642 3052 initio
1669 2972 1864 3050 celer
1891 2972 1969 3046 in
2000 2972 2271 3050 ultimo
2316 2975 2708 3061 subsistitz

515 3078 568 3112 “
599 3068 977 3144 trocheus
1008 3093 1059 3150 e
1093 3080 1356 3146 contra
1386 3072 1635 3169 primo
1667 3079 1845 3156 stat,
1884 3093 2062 3145 mox
2095 3071 2391 3170 impetu
2425 3072 2710 3147 fertur:

509 3177 559 3211 “
589 3167 716 3244 bie
764 3169 1005 3244 instar
1044 3177 1233 3244 rotae
1271 3169 1698 3255 volubilior,
1741 3169 1869 3244 ille
1909 3170 2198 3246 tardior
2227 3170 2708 3270 firmiorque:

509 3274 559 3309 ·‘
586 3265 713 3340 hic
762 3267 857 3342 ab
908 3267 1065 3346 alto
1116 3267 1532 3356 descendit,
1579 3267 1705 3346 ille
1755 3290 1853 3342 ex
1899 3267 2169 3346 humili
2197 3269 2574 3370 insurgit:
2625 3271 2708 3350 in

512 3374 562 3408 ‘¹
594 3366 945 3444 omnibus
974 3365 1149 3442 deni
1204 3389 1298 3446 ue
1332 3375 1510 3450 sunt
1544 3366 2066 3453 dissimillimi;
2118 3368 2310 3446 adeo
2341 3377 2430 3446 ut
2462 3369 2711 3454 facete

507 3473 552 3507 ‘⁴
590 3464 1081 3563 Hephaeston,
1187 3498 1464 3566 ροχαιος
1515 3468 1838 3544 αντιπαθει
1877 3500 1966 3582 τι(
2006 3500 2028 3539 ι
2226 3520 2248 3540 .
2351 3468 2708 3550 Secundo

514 3573 561 3604 “
594 3587 897 3640 versum
945 3564 1090 3642 sibi
1144 3564 1542 3664 proprium
1589 3563 1990 3644 constituit
2028 3564 2102 3642 ia
2322 3621 2347 3654 ,
2400 3590 2708 3648 versum

507 3668 555 3701 “
588 3660 733 3733 sibi
763 3663 1159 3760 proprium
1191 3664 1593 3744 constituit
1631 3663 1863 3746 ctiam
1893 3663 2316 3751 trochaeum
2367 3674 2451 3746 et
2483 3665 2711 3746 ambo

510 3765 558 3798 ‘³
591 3757 907 3870 diversis
954 3761 1137 3876 licet
1202 3762 1284 3836 in
1335 3763 1527 3839 locis
1578 3762 1887 3837 eosdem
1936 3762 2373 3839 adsciscunt
2423 3763 2660 3863 pedes
2683 3788 2707 3836 ε

503 3863 1113 4030 Slmffi„
1142 3860 2704 4060 fflbuzsfflsxfoe‘zmsraizzz

500 4059 549 4093 “
581 4047 1008 4150 potuisset?
1142 4053 1414 4134 Nonne
1480 4065 1698 4136 tanta
1779 4056 2128 4135 confusio
2209 4059 2408 4136 facta
2472 4066 2703 4144 esset,

501 4159 551 4196 “
578 4157 865 4246 quanta
895 4147 1055 4224 fieri
1137 4161 1338 4227 otest
1367 4155 1782 4230 maxima?
1834 4155 2020 4230 Haec
2055 4156 2205 4232 ille.
2256 4158 2495 4231 Juxta
2525 4177 2702 4236 eam

499 4270 726 4344 quam
778 4249 1022 4348 primo
1156 4249 1407 4328 stituit
1463 4253 1578 4327 vir
1632 4252 1974 4328 eruditus
2027 4257 2421 4343 rationem,
2473 4254 2700 4334 facile

500 4348 879 4424 constabit
911 4348 1215 4448 dactylo
1258 4373 1413 4442 non
1456 4352 1707 4438 minus
1753 4361 2246 4451 anapaestum,
2279 4378 2513 4454 quam
2545 4363 2701 4434 tro-
