3032 4898
1354 409 1497 487 281

327 616 652 708 reperite
694 598 864 680 erint
915 611 1006 678 H.
1049 613 1126 678 et
1174 612 1263 692 Ω,
1309 605 1538 680 vicem
1588 627 1841 679 aarum
1892 617 2045 684 tm
2092 615 2301 711 apud
2344 615 2530 701 illos,
2564 659 2726 708 3301·

330 732 548 807 qnam
614 705 825 803 apud
873 730 1007 778 noa
1062 703 1401 803 explesse
1463 712 1543 779 E.
1599 714 1674 777 et
1729 712 1838 778 O:
1927 716 1988 781 Ο
2048 715 2267 786 etiam
2318 717 2541 789 scribi
2596 725 2687 772 Ν·

334 807 624 880 solitam
670 828 818 920 pro
875 802 1165 900 syllaba
1216 809 1360 875 ΟΥ.
1471 810 1529 875 E
1579 811 1839 878 autem
1896 830 2041 904 pro
2092 817 2149 882 E
2183 822 2261 885 et
2306 820 2543 888 ΙΩΤΑ.

339 911 594 1000 Atque
627 902 754 976 hic
779 902 1091 997 quidem
1125 924 1279 975 non
1313 909 1456 988 est,
1491 911 1581 975 ut
1606 902 1725 976 vir
1755 905 2100 981 eruditus
2135 911 2549 1007 quidquam

344 1005 830 1076 immutatum
914 1010 1156 1097 optet,
1227 999 1375 1074 nisi
1462 999 1661 1074 forte
1726 1025 1866 1098 pro
1942 1006 2548 1104 significaveram,

344 1101 564 1198 cujus
584 1101 708 1174 hic
744 1121 1012 1195 parum
1046 1108 1274 1196 aptus
1309 1110 1430 1172 est
1465 1122 1674 1186 usus,
1706 1103 2118 1179 rescribere
2153 1108 2366 1182 malit
2397 1112 2554 1208 cig-

343 1200 654 1296 ng‘ficavi.
763 1198 915 1271 Sed
970 1196 1367 1283 Victorini,
1415 1198 1645 1272 modo
1680 1198 1843 1273 haec
1896 1203 2305 1301 scripserit,
2380 1231 2556 1283 con-

343 1298 627 1373 stantia
663 1296 1139 1370 desideratur
1162 1323 1182 1387 3
1236 1296 1528 1394 quippe
1573 1298 1707 1393 qui
1765 1322 1938 1395 pag.
1984 1310 2073 1377 17
2105 1308 2551 1400 [=2459.].

339 1399 486 1472 ista
550 1399 592 1441 ¹⁸*
628 1404 897 1469 contra
952 1395 1248 1469 habeat.
1354 1397 1600 1493 Apud
1658 1398 1961 1471 Graecoc
2011 1405 2182 1490 ,ΕΡ
2232 1404 2554 1478 duarum
2607 1452 2751 1519 130

344 1497 618 1570 obtinet
672 1495 917 1579 vicem,
969 1493 1209 1566 brevia
1267 1504 1342 1566 et
1394 1495 1809 1591 productae.
1946 1505 2007 1570 O
2063 1524 2235 1572 vero
2284 1512 2360 1574 et
2398 1525 2553 1601 pro

342 1595 567 1680 brevi,
617 1604 690 1665 et
709 1618 863 1691 pro
897 1591 1148 1690 longa,
1181 1602 1259 1664 et
1276 1614 1433 1690 pro
1459 1592 1531 1663 U
1550 1592 1814 1689 posita
1845 1604 1978 1667 eet.
2086 1597 2236 1671 Sed
2268 1600 2555 1695 regerit

349 1693 468 1767 vir
502 1692 868 1777 eruditus,
896 1691 1042 1764 illis
1069 1690 1232 1764 haec
1255 1690 1704 1786 neutiquam
1726 1692 2133 1781 adversari,
2153 1709 2558 1795 propterea

347 1792 556 1888 quod
642 1814 794 1866 vox
859 1790 1167 1863 duarum
1257 1787 1619 1864 comitem
1695 1812 1847 1863 non
1914 1790 2188 1867 habeat
2256 1806 2556 1884 tantum,

350 1891 732 1975 duntaxat,
808 1889 931 1963 vel
1009 1888 1275 1964 simile.
1402 1887 1570 1984 Age
1647 1887 1931 1984 igitur:
2057 1892 2294 1990 Finge
2354 1896 2558 1992 apud

353 1988 954 2063 Grammaticum
1008 1986 1442 2084 quempiam
1477 2009 1924 2062 occurrere:
1977 1990 2052 2063 Α
2049 1993 2222 2088 pud
2249 1994 2562 2067 Latinos

347 2088 626 2162 numeri
690 2097 859 2160 sunt
926 2086 1092 2173 duo,
1143 2110 1491 2182 per-'once
1554 2109 1726 2158 vero
1795 2097 1949 2160 tres
1969 2115 1998 2159 .·
2067 2090 2341 2164 Annon
2396 2090 2561 2188 jam

350 2188 514 2262 haec
563 2186 834 2261 eodem
880 2185 1102 2283 plane
1153 2182 1529 2270 recidunt,
1578 2207 1667 2258 ac
1723 2185 1787 2257 si
1841 2185 2158 2263 dixisset
2217 2190 2360 2264 dno
2403 2201 2564 2264 tan-

354 2297 501 2361 tum
527 2291 573 2359 9
674 2285 1198 2379 Quisquamne
1258 2293 1397 2371 est,
1466 2284 1804 2371 obsecro,
1853 2285 1987 2380 qui
2044 2286 2232 2360 illud
2286 2298 2562 2362 tantum

351 2385 786 2481 desideret?
893 2383 1180 2457 Contra
1233 2381 1296 2457 si
1337 2382 1509 2479 quis
1546 2382 1891 2457 diceret?
1991 2385 2227 2484 Apud
2261 2388 2563 2461 Graecoe

351 2485 629 2563 meri
695 2493 863 2558 sunt
924 2483 1090 2569 duo,
1159 2506 1506 2579 persona:
1563 2506 1735 2554 vero
1800 2491 1954 2555 tres
1976 2510 2004 2554 .·
2079 2485 2555 2572 exclamaret,

352 2585 650 2681 opinor,
714 2584 912 2656 inter
968 2583 1255 2679 primos
1323 2581 1444 2654 vir
1496 2579 1886 2652 eruditus:
1959 2582 2233 2654 Annon
2274 2608 2469 2670 vero,
2518 2609 2564 2658 o

357 2680 720 2767 bellatule,
792 2690 948 2753 tres
994 2680 1246 2752 itidem
1282 2688 1460 2751 sunt
1516 2678 1856 2750 numeri?
1924 2678 2265 2777 ·Digmes
2320 2681 2566 2755 hercle

358 2805 464 2865 es,
543 2804 698 2852 cum
762 2779 904 2851 tuis
961 2779 1276 2853 numeris
1334 2777 1452 2850 cui
1508 2784 1733 2873 caput
1797 2801 1938 2849 non
2001 2780 2224 2853 semel
2293 2780 2561 2855 demul-

361 2888 678 2956 ceatur..
740 2877 842 2951 At
900 2878 1086 2973 quid
1149 2878 1258 2950 ita
1321 2875 1688 2951 tandem?
1791 2875 1993 2958 Quia
2059 2878 2371 2966 scilicet,
2430 2878 2563 2976 qui

362 2977 593 3051 istum
630 2966 705 3049 in
740 2976 1050 3050 modum
1083 2975 1448 3072 loquitur,
1481 2996 1836 3047 numeros
1870 2997 2034 3048 esse
2070 2986 2341 3050 tantum
2376 2978 2565 3051 duos

361 3075 762 3172 significat.
870 3074 1104 3147 Porro
1141 3083 1419 3159 autem,
1478 3086 1567 3146 ut
1594 3073 2034 3147 Victorinus
2069 3076 2214 3149 sibi
2248 3086 2568 3162 constet,

366 3176 562 3249 alius
615 3186 869 3249 tamen
926 3206 1252 3264 κομματος
1302 3172 1626 3269 scriptor
1680 3170 1912 3245 fuisse
1962 3174 2288 3261 videtur,
2338 3199 2566 3271 quam

205 3320 218 3333 ι
363 3275 489 3348 cui
542 3274 624 3347 in
680 3297 762 3346 re
819 3270 1261 3367 hujusmodi
1305 3271 1491 3344 fides
1542 3270 1644 3342 sit
1676 3268 2042 3357 habenda,
2095 3298 2273 3346 cum
2328 3273 2567 3369 ipsius

365 3373 734 3446 doctrinae
802 3394 899 3447 ex
982 3371 1313 3464 antiquae
1401 3368 1797 3466 scripturae
1882 3372 2388 3442 monumentis
2470 3390 2568 3440 ne

369 3493 604 3545 unum
677 3468 940 3541 bidem
967 3467 1243 3554 faveat,
1293 3467 1497 3540 haud
1530 3488 1775 3562 pauca
1807 3466 2317 3539 adversentur.
2418 3465 2567 3537 Sed

367 3592 614 3663 neque
722 3566 1055 3641 ominem
1102 3590 1340 3661 usque
1391 3566 1585 3639 adeo
1634 3562 1850 3659 parvi
1884 3561 2104 3648 facio,
2153 3561 2337 3658 quin
2393 3562 2563 3648 ista,

373 3673 430 3738 E
472 3675 708 3739 autem
725 3691 878 3761 pro
929 3672 986 3739 E
1035 3675 1110 3737 et
1148 3669 1362 3736 ΙΩΤΑ
1383 3670 1456 3755 †,
1503 3662 2103 3734 additamentum
2145 3660 2376 3733 fuisse
2409 3683 2571 3734 cre-

367 3763 545 3836 dam
576 3764 672 3837 ab
704 3764 957 3860 aliquo
991 3763 1258 3836 rudem
1308 3761 1508 3835 illam
1543 3769 1775 3853 atque
1809 3757 2259 3853 indigestam
2292 3759 2568 3834 molem

363 3885 537 3960 pag.
617 3868 732 3934 16.
815 3870 1343 3937 occurrentem
1422 3857 1672 3931 minus
1738 3862 1943 3928 recte
2020 3856 2567 3956 interpretante

365 3960 819 4061 profectum.

467 4060 512 4103 θ
562 4060 784 4135 Alius
828 4056 1307 4133 auctoritatis
1363 4054 1536 4130 loco
1582 4052 1841 4127 laudat
1892 4052 2008 4145 vir
2041 4054 2383 4129 eruditus
2432 4073 2562 4125 ex·
2618 4077 2760 4149 131

370 4328 744 4483 himma.
802 4332 879 4390 a.
908 4330 994 4391 D.
1038 4328 1099 4389 1-
1155 4327 1424 4407 Append.
1524 4321 1843 4482 pinvffi'
1900 4325 1975 4383 a.
2018 4323 2099 4381 D.
2170 4323 2228 4380 in
2294 4316 2566 4395 Append-
