3032 4898
1406 467 1502 537 73

342 655 657 734 Pindari
690 656 950 731 locum
973 655 1414 756 respexisse.
1523 657 1793 754 Neque
1818 657 2225 732 euim-leve
2251 664 2380 733 est
2410 657 2559 733 dis·
2581 672 2758 726 8801·-

344 758 635 832 crimen
703 757 907 831 inter
959 758 1273 843 ποδεων,
1315 757 1525 852 quod
1585 758 1849 832 laudat
1905 757 2404 855 etymologus‚
2476 766 2558 831 et
2637 740 2712 791 ³¹·

347 889 742 947 τυπομενος
800 856 1007 953 quod
1056 856 1182 931 hic
1224 857 1531 952 legitur.
1663 857 2158 931 Commodius
2205 856 2555 956 profecto

348 953 558 1029 hunc
590 956 842 1028 locum
875 955 1250 1029 adducere
1292 955 1712 1053 potuisset3
1767 956 2051 1053 quippe
2079 956 2268 1029 illud
2303 957 2556 1055 χεροδει

349 1056 640 1127 «ru-08⁶1„
669 1063 972 1128 rectene
1015 1053 1389 1128 scribatur
1443 1077 1543 1128 an
1587 1055 1847 1152 potius
1896 1057 2125 1152 χεραδι
2176 1064 2554 1152 oporteat,

349 1153 568 1227 sileat
612 1176 921 1228 necesse
967 1162 1086 1226 est
1146 1177 1407 1228 versus
1457 1176 1828 1242 mensura,
1884 1177 2054 1251 quae
2111 1156 2370 1253 χεραὸει
2430 1155 2551 1229 hic

341 1252 834 1326 scribendum
891 1274 1054 1326 esse
1100 1253 1392 1327 clamat.
1532 1253 1765 1328 Porro
1823 1252 2031 1350 quod
2066 1253 2289 1327 metri
2343 1253 2550 1350 apud

344 1351 785 1437 Pindarum,
860 1350 1061 1425 idem
1133 1361 1538 1449 syntaxeos
1602 1352 1808 1449 apud
1876 1352 2297 1427 Homerum
2355 1351 2549 1425 ratio

345 1448 764 1525 confirmat.
895 1450 1202 1524 Etenim
1258 1473 1355 1525 ne
1424 1451 1657 1524 semel
1713 1451 2023 1548 quidem
2088 1453 2295 1548 apud
2346 1449 2551 1525 hunc

350 1550 816 1624 construitur
855 1571 1009 1625 vox
1060 1550 1211 1632 ἃλις
1262 1573 1441 1623 cum
1487 1549 1830 1646 genitivo
1852 1552 1923 1620 ¹¹.
2021 1547 2344 1623 Accedit
2398 1571 2551 1644 quo

347 1647 611 1720 minus
659 1650 925 1747 χεραὸος
977 1648 1475 1723 Homericum
1528 1648 1632 1722 sit
1688 1670 1906 1721 casus
1955 1646 2299 1744 genitivi,
2346 1648 2554 1742 quod

351 1753 723 1843 sequatur
751 1748 827 1820 in
859 1748 1123 1821 eadem
1168 1747 1546 1822 sententia
1577 1769 1731 1824 vox
1774 1779 2029 1842 μυριον,
2085 1768 2253 1842 quae
2305 1767 2554 1841 neque

353 1845 851 1921 *adverbium
912 1847 1249 1922 adhiberi
1319 1870 1461 1921 nec
1521 1870 1696 1922 cum
1772 1844 2117 1944 genitivo
2187 1843 2551 1945 conjungi
2623 1841 2723 1914 43

450 1953 624 2018 test.

339 1968 796 2142 PoDenique
851 2045 1042 2121 illud
1100 2079 1328 2136 ανεμος
1382 2048 1611 2146 χεραὸι
1655 2079 2068 2137 tmen-§vom
2126 2044 2334 2143 quod
2376 2068 2553 2121 Cum

339 2142 610 2241 vulgg.
659 2153 1151 2243 repraesentat
1198 2146 1434 2221 editio
1487 2148 1733 2220 Oxou.
1766 2146 1976 2243 quid,
2007 2146 2347 2230 obsecro,
2484 2167 2554 2218 r-

339 2242 536 2317 tenti
566 2246 736 2317 est?
772 2245 1192 2342 Exponuut
1223 2245 1529 2340 quidem
1568 2255 1820 2319 ventus
1844 2245 2118 2343 glarea
2134 2269 2286 2342 per
2528 2298 2548 2316 .

341 2341 514 2416 Hoc
566 2366 747 2417 vero
801 2344 1403 2442 quotusquisque
1453 2343 1856 2440 iutelligit?
1905 2342 2057 2415 Alii
2107 2353 2376 2415 ventus-
2400 2342 2549 2414 col-

338 2440 527 2516 lum'e
587 2443 918 2532 tundens,
974 2467 1062 2519 ac
1130 2443 1196 2518 Si
1263 2477 1655 2534 τυπτομενος
1724 2442 1929 2516 idem
1994 2441 2244 2516 Valere
2308 2439 2553 2536 possit

336 2543 544 2637 quod
596 2569 896 2618 rma-v:
946 2566 1174 2640 quam
1231 2543 1462 2616 etiam
1519 2542 1601 2615 in
1656 2540 2110 2614 sententiam
2162 2548 2551 2632 utcunque

335 2642 745 2716 absurdam
779 2642 1240 2716 concessisse
1274 2642 1582 2715 videtur
1619 2638 2077 2713 Scholiastes
2109 2661 2126 2709 ε
2172 2670 2310 2710 om
2336 2670 2546 2728 ανεμοι

339 2773 490 2821 τοις
551 2774 771 2825 nome
831 2747 1383 2814 TYHTONTEE
1445 2770 1554 2811 και
1618 2756 1993 2835 στρεφοντες
2054 2770 2133 2832 τῃ
2193 2740 2543 2835 πολυφορῳ

340 2840 599 2937 χεραδι.
721 2840 1045 2916 Monent
1092 2839 1418 2917 editores
1464 2838 1763 2912 Oxonn.
1820 2836 1901 2910 in
1958 2835 2123 2909 MS.
2161 2871 2227 2935 γ.
2282 2835 2543 2910 haberi

337 2970 735 3026 τυπομενοι.
841 2939 989 3014 Cui
1027 2941 1262 3014 verbo
1289 2939 1355 3012 si
1382 2936 1682 3013 unicam
1711 2936 1991 3010 lineam
2022 2934 2130 3009 ita
2151 2934 2540 3031 adjeceris,

337 3043 430 3110 ut
462 3072 852 3132 τυπτομενον
886 3038 1245 3125 evadat¹³,
1278 3038 1529 3112 nullus
1559 3037 1831 3110 dubito
1878 3034 2062 3131 quin
2108 3055 2543 3131 germanam

331 3137 791 3234 scripturam
823 3136 1265 3212 restitueris.
1372 3137 1545 3209 Erit
1579 3145 1833 3210 autem
1884 3134 2030 3208 hoc
2089 3133 2407 3215 verbum
2445 3131 2542 3205 ad

331 3267 449 3307 τον
496 3238 669 3330 [των
699 3240 920 3329 ὕμνων
951 3240 1325 3334 θησαυρον]
1351 3234 1869 3310 referendum:
1919 3240 2057 3305 Τον
2097 3265 2237 3305 ουτ-ε
2281 3231 2541 3324 ομβρος

334 3367 479 3406 owe
522 3369 758 3428 ανεμος
799 3341 932 3420 αξει
978 3369 1369 3428 τυπτομενον
1413 3337 1706 3434 χεραὸειε
1772 3336 1991 3416 Quem
2032 3354 2260 3427 neque
2317 3327 2544 3400 imber

325 3458 465 3507 nec
483 3446 738 3509 ventus
770 3435 1019 3534 rapiet
1043 3435 1331 3534 ghreae
1361 3431 2055 3531 mmmmm&

1265 3602 1388 3657 540.
1583 3601 1676 3654 13.
1716 3594 1913 3659 Quam
1954 3588 2121 3649 facile
2164 3610 2199 3644 ν
2238 3584 2296 3643 in
2337 3607 2358 3641 ι
2384 3602 2540 3645 com·

1265 3678 1386 3751 ,ψη-
1497 3686 1773 3740 mutetur,
1789 3669 1928 3729 nihil
1941 3668 2149 3726 attinet
2159 3665 2372 3733 dicere;
2387 3666 2538 3725 conf.

1265 3780 1386 3813 ιπε-
1585 3796 1600 3811 .
1626 3754 1725 3811 47.
1758 3754 1856 3808 56.
1890 3752 1987 3806 58.
2007 3750 2148 3806 345.
2178 3758 2239 3806 et
2264 3745 2338 3805 R.
2367 3746 2435 3804 P.
2464 3746 2541 3805 ad

1265 3838 1387 3893 λλὰ
1569 3849 1653 3889 ee.
1676 3831 2011 3889 ⁷ss=782.
2035 3826 2142 3885 Ph.
2170 3830 2343 3885 141³.
2368 3825 2539 3885 Med.

1265 3956 1276 3983 ‚
1306 3946 1389 3958 --
1498 3913 1640 3968 264.
1672 3914 1807 3968 952.
1847 3913 1887 3942 ‘⁸
1915 3908 2017 3966 Vel
2019 3907 2182 3987 sorte
2205 3906 2540 3986 inerpreta-

1265 3998 1387 4051 λαι-
1497 3999 1731 4049 mentum
1746 4008 2038 4094 pennam
2051 3987 2349 4067 scripturae
2369 3998 2538 4044 ἀπευ-

1265 4093 1388 4132 ιεη-
1500 4068 1755 4149 δσμενον’
1772 4067 1931 4126 —R.
1955 4068 2036 4127 D.
2074 4068 2205 4126 Cher.
2231 4087 2338 4126 aec.
2566 4077 2573 4085 ’

1265 4173 1385 4212 uem
1582 4155 1678 4210 14.
1720 4148 1976 4208 Omnino
1999 4147 2074 4206 ad
2094 4147 2168 4205 R.
2189 4144 2265 4203 D.
2291 4155 2540 4209 textum,

1265 4232 1386 4291 He·
1498 4241 1558 4290 et
1595 4229 1804 4308 partim
1846 4227 1921 4286 ad
1970 4224 2226 4285 Boea-mn·
2261 4223 2541 4295 interpre-

1281 4310 1387 4370 Vi·
1501 4310 1794 4379 tationem,
1844 4306 2096 4375 accedog
2161 4320 2317 4392 quem
2371 4313 2543 4373 neque

1265 4412 1388 4453 con·
1499 4389 1670 4449 imber
1713 4408 1814 4447 nec
1864 4392 2053 4444 venius
2099 4385 2285 4455 raptet
2320 4374 2543 4454 glarea

1265 4472 1298 4498 '²
1502 4466 1988 4547 iem-patienta.
2043 4468 2098 4518 et
2155 4475 2278 4515 eam
2347 4455 2460 4533 (ic-⁶
2485 4473 2544 4513 e.
