3032 4898
990 945 1571 1031 *SECTIO
1650 951 1812 1031 111.
2574 959 2676 1031 69

323 1474 526 1548 Vera
575 1471 925 1547 sermonis
983 1470 1239 1546 Graeci
1293 1471 1725 1547 cnunc-intio.
1850 1473 2294 1549 Futurorum
2357 1475 2508 1549 At-

413 1573 714 1647 ticorum
776 1571 871 1644 ab
935 1570 1223 1645 Ionicis
1285 1572 1725 1646 variantium
1790 1573 2142 1671 analogia
2204 1583 2279 1647 et
2344 1599 2509 1647 con-

415 1669 679 1745 silium,
802 1671 1169 1743 Diversus
1223 1670 1628 1745 Modorum
1681 1670 2110 1767 suffunctivi
2174 1682 2249 1745 et
2306 1681 2513 1770 opta-

422 1767 558 1843 tivi
586 1792 771 1842 usam.
881 1769 1221 1844 Error-es
1271 1794 1324 1842 a
1370 1793 1647 1868 nupero
1699 1771 2136 1845 Callimachi
2189 1770 2472 1845 editore
2491 1773 2512 1809 ¹

418 1869 498 1942 in
538 1866 895 1965 syllabica
947 1868 1399 1968 quarundam
1440 1894 1686 1943 vocum
1726 1871 2139 1971 quantitate
2183 1870 2511 1946 admissi.

410 1967 989 2043 Emendationes
1018 1968 1097 2043 in
1137 1968 1679 2045 Callimachum.

318 2166 918 2255 Ano-mannum,
954 2166 1036 2239 in
1068 2189 1223 2264 quo
1253 2167 1699 2245 illustrando
1740 2192 2002 2245 sumus
2036 2167 2436 2255 versaturi,
2471 2189 2516 2242 a
2539 2194 2717 2243 sacr.

318 2267 482 2342 viro
508 2265 813 2341 erudito
837 2263 1000 2362 jam
1031 2275 1255 2339 antea
1281 2275 1693 2343 tractatum
1719 2270 2089 2359 videmus,
2163 2269 2243 2343 ui
2260 2266 2518 2342 novis'-
2595 2259 2690 2306 ¹¹¹·

321 2364 587 2440 simam
620 2363 1062 2439 Callimachi
1102 2365 1513 2441 editionem
1543 2370 2008 2467 procuravit.
2112 2295 2188 2442 ils
2224 2367 2516 2461 utique,

322 2465 467 2540 viri
512 2488 691 2542 cum
736 2464 1137 2539 nobilitate
1180 2473 1349 2541 tum
1402 2468 1825 2542 eruditione
1876 2466 2306 2566 praestantis
2351 2464 2526 2556 horff

322 2573 497 2639 tatu
506 2568 561 2652 ²,
597 2565 695 2638 de
721 2564 1006 2638 Graecae
1029 2563 1309 2662 linguae
1334 2567 1990 2663 pronunciatione,
2013 2562 2526 2639 secundumne

380 2664 831 2739 uantitatem
871 2663 1304 2761 syllabicam
1337 2688 1435 2739 an
1470 2674 1928 2739 accentuum
1962 2663 2336 2739 rationem
2367 2684 2529 2766 me-
2625 2723 2634 2732 .
2689 2725 2698 2738 .

365 2762 485 2835 ‘us
518 2761 891 2857 procedat,
924 2763 1447 2838 disserendum
1477 2763 1787 2861 quidem
1821 2764 1901 2838 in
1928 2788 2011 2840 se
2033 2761 2357 2861 recepit;
2391 2761 2527 2835 sed

328 2885 419 2936 re
453 2867 705 2935 tamen
735 2883 915 2936 vera
943 2885 1109 2936 non·
1132 2871 1292 2936 tam
1325 2863 1706 2950 disseruit,
1762 2885 1989 2962 quam
2021 2860 2466 2938 declamavit
2477 2862 2529 2940 ⁸.

336 2960 506 3035 Nec
539 2971 741 3036 vero‘
764 2960 846 3035 in
892 2960 1038 3035 hac
1095 2961 1369 3060 Sparta
1405 2963 1838 3038 adornanda
1879 2964 1997 3039 vir
2028 2963 2369 3038 eruditus
2408 2983 2531 3033 us-

331 3083 485 3160 que
546 3061 742 3146 adeo
808 3059 1108 3134 felicem
1173 3084 1483 3159 operam
1553 3062 1976 3152 collocavit,
2059 3063 2272 3162 quin„
2309 3058 2531 3135 nobis

333 3161 567 3235 etiam
600 3158 985 3246 nonnulla,
1013 3168 1244 3257 atque
1278 3184 1369 3235 ea
1398 3160 1737 3236 fortassis
1770 3163 2181 3261 praecipua‚
2210 3161 2535 3259 relique-

330 3261 435 3334 rit
467 3258 933 3358 occupanda.
1038 3259 1212 3342 Quo
1246 3260 1566 3336 alacrius
1600 3270 1856 3337 autem
1900 3262 2318 3360 symbolam
2355 3280 2537 3355 qua·

335 3360 794 3456 lemcunque
846 3366 1183 3433 nostram
1235 3359 1732 3449 conferamus,
1783 3361 1969 3436 facit
2017 3384 2194 3434 cum
2258 3353 2537 3431 summi

334 3458 541 3533 illius
576 3455 1021 3540 ,Nobilitatis
1069 3457 1509 3556 Anglicanae
1549 3459 1873 3546 decoris,
1927 3480 2100 3556 quoe
2149 3454 2356 3552 apud
2395 3473 2538 3528 nos

334 3559 611 3634 eadem
640 3556 870 3630 hodie
903 3565 1021 3630 est
1051 3581 1223 3654 quoe
1243 3566 1323 3632 et
1348 3557 1511 3632 heri
1537 3557 1711 3646 fuit,
1746 3559 1953 3654 apud
1985 3555 2174 3629 alios
2209 3554 2252 3598 ¹·
2270 3560 2542 3625 utcun-
2612 3565 2712 3638 ’10

344 3677 501 3752 qne
527 3653 691 3749 jam
717 3655 963 3730 minor
995 3656 1440 3743 auctoritas3
1494 3666 1668 3730 tum
1699 3656 1930 3729 etiam
1954 3653 2162 3752 quod
2194 3649 2327 3726 diu
2358 3651 2543 3727 late-

344 3775 503 3851 que
556 3763 892 3849 grassata
932 3763 1386 3830 accentuum
1435 3754 1817 3830 barbaries
1872 3777 1914 3828 e
1964 3752 2148 3828 ludo
2210 3753 2543 3850 quodam

342 3851 864 3941 celeberrimo,
903 3855 1408 3939 Etonensem,⁴
1440 3854 1640 3941 dico,
1669 3851 1832 3951 jam
1864 3853 2048 3934 olim
2080 3852 2528 3932 exalaverit.

429 4061 485 4114 1.
539 4054 756 4117 Thomu
809 4057 1071 4119 Bentleio
1109 4059 1407 4120 Proestan·
1585 4065 1643 4117 4.
1683 4058 1847 4125 Quid
1875 4060 2010 4119 huic
2049 4059 2191 4120 ludo
2231 4056 2550 4120 cultissimo

351 4133 553 4194 admi
620 4135 926 4198 Bnmssn
992 4139 1188 4199 fratris
1242 4140 1400 4212 filiog
1500 4138 2383 4220 humanissimoquejamdudum
2402 4133 2552 4192 aeci·

352 4217 391 4246 “
414 4210 750 4276 Callian-achi
796 4217 985 4296 hymni
1028 4229 1083 4278 et
1121 4220 1405 4300 epigram-
1504 4218 1676 4289 derit,
1725 4220 1897 4299 plane
1937 4220 2169 4279 nescio:
2228 4216 2332 4276 sed
2369 4228 2555 4304 nuper
2657 4289 2666 4298 ,

358 4301 545 4353 mm:
590 4292 708 4356 &a
737 4301 822 4356 8⁰.
847 4297 1115 4360 Londini.
1149 4300 1363 4361 1741.”
1506 4298 1731 4358 exstitit
1792 4319 1932 4358 suus
1985 4298 2261 4363 Fossa-us,
2301 4309 2401 4369 qm
2439 4309 2557 4349 non

442 4379 499 4431 2.
536 4373 732 4436 Pur.
760 4377 839 4437 ad
868 4376 1097 4440 callim.
1126 4380 1203 4440 P:
1220 4382 1297 4440 vi.
1506 4379 1940 4438 intermortuam
2010 4375 2167 4453 apud
2235 4371 2558 4431 Etonenm

441 4459 500 4512 3.
546 4452 750 4518 Cicero
765 4499 980 4519 ......
1512 4472 1853 4518 accentuum
1871 4454 2171 4516 scientiam
2189 4450 2471 4519 ostenditz
2500 4463 2561 4509 et

764 4564 856 4633 11
