3032 4898
1613 454 1658 522 2

333 669 509 718 sacr.
534 672 704 748 quae
739 648 816 721 in
856 646 1312 720 Terentiano
1362 645 1564 718 haud
1617 644 1837 741 plane
1896 639 2332 739 poenitenda
2388 632 2744 711 videmfir

430 766 442 781 ·
533 770 970 845 occupasse,
1003 754 1297 843 partem
1342 743 1467 817 hic
1514 742 1843 839 aliquam
1874 738 2409 815 secernendam
2444 756 2740 807 curare.

535 849 734 921 Edit.
769 844 1160 920 Sanctand.
1203 850 1422 918 1584.
1462 843 1487 879 ²
1524 866 1697 941 pag.
1743 848 1858 914 16.
1894 842 1943 914 l.
1973 847 2043 913 9.
2107 841 2263 931 [=
2291 861 2366 911 v.
2407 840 2582 907 282.
2618 831 2743 906 ed.

532 948 634 1021 L.
675 945 1085 1038 Santenii.]

792 1087 1094 1162 Addita
1124 1088 1304 1185 styli
1331 1086 1743 1163 sublevaret
1774 1084 2109 1160 siccioris
2143 1082 2479 1176 taedimn]

535 1224 1091 1301 circumfertur
1123 1224 1286 1298 haec
1307 1225 1508 1299 linea
1530 1223 1754 1321 plane
1783 1221 2058 1319 ἄμετρὸς
2082 1241 2349 1294 versus
2376 1212 2747 1290 trochaici

532 1326 725 1399 loco.
832 1323 1222 1421 Quicquid
1251 1332 1512 1397 autem
1563 1321 1733 1396 vitii
1778 1320 1928 1399 hic.
1953 1316 2573 1413 deprehenditur,
2605 1314 2750 1386 im-

534 1424 857 1522 peritam
926 1422 1379 1496 industriam
1442 1421 1671 1518 sapit.
1811 1419 2110 1514 N'empc
2192 1439 2238 1490 a
2302 1411 2747 1489 Terentiani

536 1545 758 1596 manu
793 1520 1225 1618 profectum
1260 1528 1402 1607 est,

836 1662 1138 1737 Addita
1169 1661 1351 1758 styli
1374 1662 1664 1737 levaret
1683 1662 1709 1699 ³
1741 1661 2076 1736 siccioris
2109 1660 2401 1736 taedimn
2421 1686 2451 1733 .·

536 1822 919 1889 corrector
964 1821 1223 1887 autem
1264 1811 1522 1885 nescio
1570 1810 1767 1909 quis,
1819 1809 2163 1883 ultimam
2216 1807 2431 1884 vocis
2483 1808 2752 1884 addita

536 1914 684 1986 hoc
720 1921 946 2009 pacto
980 1909 1301 2008 produci
1327 1933 1527 2006 aegre
1551 1909 1825 1996 ferens,
1857 1909 2089 1984 verbo
2113 1908 2390 1982 levaret
2421 1906 2754 1985 infausta

538 2034 768 2085 manu
823 2009 1175 2083 voculam
1221 2008 1353 2083 mh
1386 2007 1749 2106 proefecit,
1797 2030 1890 2081 eo
1940 2007 2233 2082 scilicet
2291 2007 2606 2082 consilio
2658 2017 2752 2083 ut

537 2133 677 2208 pes
725 2109 1104 2183 secundus
1154 2118 1584 2205 anapaestus
1634 2106 2036 2191 evaderet3
2090 2106 2393 2180 nescius
2441 2107 2752 2182 interim

536 2208 813 2306 pedem
845 2207 1061 2281 illum
1108 2229 1396 2295 revera,
1440 2206 1669 2302 juxta
1714 2205 2059 2302 regulam
2106 2207 2203 2280 ab
2252 2206 2426 2305 ipso
2454 2206 2747 2281 Teren-

535 2307 749 2382 tiano
800 2307 1184 2394 traditam,
1246 2305 1390 2380 hac
1440 2304 1864 2381 mutatione
1917 2304 2287 2380 creticum
2337 2305 2560 2379 effici.
2669 2304 2749 2381 Is

538 2405 808 2502 utiqu‘e
858 2406 952 2481 de
1007 2406 1383 2481 elemento
1444 2405 1726 2502 ἆρκτικῷ
1784 2403 1835 2480 S
1890 2427 2123 2503 agens
2167 2427 2340 2504 pag.
2372 2411 2497 2480 42.
2532 2405 2585 2481 l.
2631 2411 2749 2481 15.

541 2508 684 2600 [ε
720 2509 985 2599 1058.]
1022 2505 1185 2580 haec
1220 2505 1491 2581 habet:

649 2658 835 2744 Qnae
864 2655 1007 2728 sihi
1041 2666 1195 2730 tres
1219 2664 1494 2729 tantum
1512 2652 1804 2753 poterit
1826 2651 2264 2751 subjungere
2294 2664 2553 2744 mas,

649 2755 731 2825 Si
763 2753 1053 2850 quando
1086 2762 1414 2840 scutum,
1446 2775 1780 2850 spumas,
1813 2752 1932 2824 vel
1957 2752 2282 2827 stamina
2313 2753 2503 2844 dico,

322 2855 611 2950 [1060]
641 2850 847 2925 Haec
874 2851 1035 2924 sola
1053 2851 1318 2946 efficiet
1348 2852 1538 2926 nudo
1571 2861 1652 2923 ut
1671 2860 2080 2925 remanente
2104 2852 2420 2928 trochaeo

651 2949 1055 3048 spondeum
1080 2949 1392 3048 geminoe
1416 2951 2033 3049 possintfimare
2065 2975 2371 3027 sonorae.

371 3055 421 3122 3
647 3047 1090 3148 *Exemplis
1121 3073 1219 3122 an
1236 3073 1488 3147 prava
1521 3072 1600 3121 se
1651 3074 1813 3136 aar,
1840 3047 1960 3122 vel
1983 3059 2214 3138 recta,
2233 3049 2608 3151 probabo.-

652 3148 997 3244 Quisque
1033 3146 1226 3221 scire
1259 3147 1487 3246 cupit,
1523 3173 1608 3222 ve
1669 3146 1989 3245 quisque
2023 3150 2351 3226 scribere
2384 3161 2598 3225 curat
2616 3178 2643 3224 .·

650 3247 853 3320 Ante
888 3255 1088 3320 stare
1123 3246 1330 3320 decet
1359 3271 1572 3344 quum
1596 3246 1761 3320 dico
1786 3255 1860 3320 et
1891 3272 2159 3347 separo
2193 3249 2479 3326 verbum
2502 3278 2533 3325 .·

330 3347 620 3444 [1065]
659 3345 860 3420 Ante
895 3344 1412 3419 Stesichorum
1442 3356 1676 3419 vatem
1708 3354 1977 3420 natura
2025 3349 2302 3423 creavit
2321 3376 2349 3423 .·

665 3445 948 3520 Ultima
971 3444 1247 3520 vocalis
1266 3469 1642 3520 remanens
1675 3444 1750 3517 in
1758 3447 1926 3542 fine
1957 3448 2262 3521 trochoei

649 3545 1064 3644 Excipitur
1090 3545 1407 3645 geminis
1436 3546 1602 3645 quis
1619 3544 2008 3643 proximus
2031 3549 2364 3621 exoritur
2379 3571 2528 3646 pec
2550 3573 2583 3631 ‚⁰

658 3642 861 3730 Qnae,
899 3670 1307 3759 quanquam
1340 3646 1592 3745 capite
1622 3644 1934 3719 alterius
1965 3645 2167 3719 verbi
2191 3656 2592 3735 teneantur,

655 3741 719 3813 S
722 3743 1044 3835 afficiant
1075 3754 1276 3818 retro
1310 3746 1504 3819 vires
1532 3753 1605 3818 et
1638 3754 1915 3846 tempus
1947 3755 2259 3845 oportet.

556 3889 851 3965 Deinde
880 3889 1012 3962 lin.
1049 3889 1186 3962 ult.
1242 3892 1613 3983 [=1o73,
1636 3892 1757 3985 4.]

657 3988 919 4106 Incipe
946 3987 1016 4061 ei
1044 3986 1255 4103 dica?
1281 3996 1356 4061 et
1388 3989 1582 4064 scire
1610 3997 1741 4064 aut
1771 3988 2094 4064 scribere
2106 3990 2397 4089 jungas

657 4088 1007 4164 Creticus
1039 4087 1352 4182 efficitur
1371 4127 1574 4144 —-

638 4293 697 4347 2.
734 4285 954 4349 Enmo
974 4284 1336 4347 Hummr
1349 4285 1609 4346 Conna-
1708 4285 2031 4345 Grammat.
2057 4304 2114 4364 p.
2163 4288 2302 4344 886.
2335 4285 2428 4344 ed.
2467 4284 2671 4365 Stepb.
2705 4297 2766 4346 et

560 4383 708 4437 mx,
736 4366 811 4425 R.
839 4367 912 4428 B.
1709 4366 1770 4425 in
1794 4365 2111 4445 exauphri
2140 4383 2250 4424 suo
2269 4364 2346 4424 R.
2371 4365 2442 4426 B.

642 4450 699 4504 3.
736 4446 945 4508 haara
988 4445 1135 4509 Aldi
1169 4444 1425 4509 Manutii
1466 4443 1611 4505 lust.

2064 4551 2154 4621 12
