3032 4898
1371 430 1523 503 28⁷

339 621 603 723 pedite.
636 616 900 696 evadit
927 615 1199 704 oratio,
1229 622 1312 692 et
1341 613 1534 696 falsa
1554 616 1868 717 insuper.
1889 619 2289 698 sententia.
2351 622 2545 707 Qua
2566 634 2745 686 εισι.

339 722 546 800 enim
578 716 827 816 cujus,
858 717 1202 804 obsecro,
1244 717 1465 793 metri
1496 717 1623 791 lex
1657 717 2075 816 quidquam
2106 719 2545 817 hujusmodi
2628 700 2712 750 η·

345 844 618 918 cogere
670 816 929 917 potuit
960 819 988 888 2
1089 816 1211 889 Tu
1246 837 1431 891 vero
1473 818 1882 893 verborum
1927 819 2301 895 duntaxat
2346 823 2546 896 ordi-

342 943 522 996 nem
553 914 1421 1013 immutabis—cogimur
1449 916 1687 1014 legem
1716 917 1950 993 metri.

449 1018 572 1092 Ad
618 1016 729 1091 Cl.
773 1038 957 1090 vero
1011 1013 1441 1089 Bentleium
1493 1025 1985 1092 revertamur.
2090 1016 2345 1093 Sentis
2382 1016 2545 1115 jam

345 1116 553 1214 quali
621 1112 1145 1210 conjuratione
1207 1112 1378 1188 viro
1441 1114 1981 1203 eruditissimo,
2046 1115 2431 1190 AEolicum
2498 1133 2544 1192 β

347 1216 729 1312 digamma
760 1213 842 1286 in
876 1209 1192 1287 Homeri
1237 1213 1612 1310 poematis
1654 1215 1911 1289 locum
1963 1214 2149 1288 olim
2193 1214 2543 1291 habuisse

345 1313 676 1400 docenti,
724 1320 1069 1388 veterum
1109 1310 1548 1387 testimonia
1589 1321 1820 1410 atque
1864 1314 2339 1410 antiquitatis
2386 1338 2548 1390 mo·

339 1420 711 1489 numenta
763 1411 1275 1485 adversentur.
1399 1411 1637 1486 Porro
1688 1420 1946 1487 autem
2001 1413 2149 1486 viri
2208 1412 2321 1486 cl.
2382 1412 2546 1488 fau-

345 1523 576 1599 tores,
632 1510 698 1585 si
754 1509 890 1606 qui
946 1509 1124 1596 sint,
1193 1509 1628 1607 expediant,
1686 1511 1939 1597 velim,
1998 1533 2328 1608 quonam
2382 1511 2545 1587 fato

350 1611 792 1707 contingere
825 1608 1226 1706 potuisset,
1278 1617 1366 1682 ut
1399 1607 1647 1705 figura
1676 1607 1998 1706 insignis
2030 1610 2220 1683 adeo
2252 1617 2334 1683 et
2366 1632 2546 1685 con-

349 1709 980 1881 ἓὲἒᾛοὶἳῗῗ
1006 1707 2227 1881 ῦῖἰέθῑῗὲἰὲὲὲῗὲἔεέ““ῖι’ἓὶἳὲῗ
2243 1709 2545 1882 ⁷351?ss

349 1915 507 1982 tam
563 1830 982 1979 inauditagim
1012 1829 1683 2002 linegmorphosin
1749 1905 2002 1979 subire
2065 1832 2539 2003 potuisseiit:

345 2029 514 2103 quae
565 2005 875 2080 tandem
927 2013 1126 2078 esset
1173 2003 1577 2100 singularis
1620 2002 1750 2078 illa
1803 2003 2041 2101 virgae
2082 2006 2541 2102 αντιδιγαμμου

345 2104 690 2202 qualitas,
744 2126 941 2201 quae,
996 2101 1144 2176 luis
1189 2103 1671 2200 AEgyptiacae
1721 2103 1820 2178 ad
1874 2103 2137 2191 instar,
2183 2103 2264 2178 in
2311 2104 2541 2180 unius

341 2202 573 2300 hujus
634 2200 993 2278 elementi
1049 2202 1641 2276 internecionem
1702 2212 2199 2302 grassaretur,
2270 2213 2542 2279 caetera

342 2302 596 2378 omnia
624 2302 914 2378 intacta
948 2301 1387 2398 praeteriret.
1493 2302 1569 2375 N
1572 2311 1791 2378 otatu
1840 2302 2148 2400 quide'm
2180 2300 2385 2376 haud
2419 2302 2536 2375 in-

338 2403 660 2501 dignum
710 2410 829 2478 est
881 2400 1135 2475 virum
1196 2401 1549 2477 Groecum
1613 2424 1940 2500 eumque
1995 2400 2197 2477 inter
2251 2399 2539 2498 primos

339 2503 386 2547 *
412 2502 822 2588 eruditum,
871 2498 1325 2596 Dionysium
1382 2501 1554 2575 dico
1608 2501 2368 2585 Halicarnassensem,
2421 2498 2537 2574 uti
2563 2505 2709 2576 136

339 2624 430 2676 su
487 2625 576 2676 ra
624 2601 980 2689 vidimus,
1027 2622 1279 2675 errore
1323 2623 1479 2675 non
1521 2600 1673 2674 levi
1719 2610 2069 2675 veterum
2098 2614 2141 2672 Ρ
2172 2607 2539 2695 tanquam

339 2724 427 2796 sy
626 2724 704 2774 m
757 2706 883 2773 ΟΥ
928 2699 1335 2797 accepisse.
1448 2701 1706 2795 Atque
1757 2698 1935 2773 hinc
1986 2697 2295 2795 quidem
2360 2720 2539 2772 con-

342 2807 576 2897 ceptu
620 2799 1061 2897 neutiquam
1106 2798 1254 2873 erit
1299 2797 1629 2885 difficile,
1675 2820 1830 2895 quo
1860 2807 2085 2896 pacto
2118 2796 2364 2895 figura
2392 2796 2539 2872 ista

342 2920 440 2971 ex
473 2898 731 2995 paucis
774 2898 979 3015 apud
1014 2899 1437 2973 Homerum
1481 2897 1671 2973 locis
1722 2897 2091 2973 eliminari
2131 2895 2534 2995 potuisset.

342 2996 604 3096 Finge,
653 2999 864 3072 verbi
894 2998 1164 3095 gratia,
1198 2996 1385 3072 illud
1422 2997 1572 3073 Vil.
1603 3020 1633 3073 1
1673 2996 1880 3093 [A,].
1917 3004 2091 3073 390.
2128 2996 2536 3096 aliquando

337 3097 449 3174 sic
479 3106 1106 3197 mpraesentatum
1136 3096 1395 3184 fuisse,

536 3252 632 3331 Ec
667 3252 940 3346 Χρυσην
970 3280 1353 3339 reparemur,
1390 3279 1623 3346 oyem
1654 3249 1719 3321 δε
1752 3248 1928 3345 Sapo
1962 3263 2257 3336 Ρονιικτι,

338 3415 386 3468 a
421 3394 706 3470 Graecis
741 3403 999 3470 autem
1047 3394 1589 3471 recentioribus
1640 3394 1751 3469 ita
1796 3394 2286 3480 intellectum,
2333 3415 2423 3467 ac
2470 3392 2538 3465 si

339 3490 506 3589 ejus
539 3503 882 3595 potestas
914 3504 1117 3570 esset
1149 3497 1324 3595 ὃωριι
1371 3500 1496 3567 ΟΥ
1543 3519 1818 3568 avana:
1870 3494 1950 3567 in
1998 3492 2317 3591 proclivi
2353 3513 2531 3589 pro·

339 3589 542 3666 fecto
575 3591 668 3666 iis
699 3592 970 3668 fuisset
1017 3594 1226 3668 istud
1262 3599 1414 3678 ΟΥ,
1462 3592 1752 3690 quippe
1785 3592 1993 3690 quod
2034 3589 2257 3666 metri
2302 3586 2531 3665 ratio-

341 3711 520 3762 nem
548 3695 1052 3788 perturbaret,
1074 3692 1475 3767 delendum
1509 3713 1800 3777 curare,
1825 3699 1913 3766 ut
1937 3691 2131 3767 adeo
2158 3689 2537 3788 reliquum

338 3798 565 3877 esset,
599 3813 754 3906 quo
787 3793 1015 3867 modo
1047 3801 1128 3867 et
1160 3790 1310 3890 ipsi
1339 3790 1854 3887 loquerentur,
1886 3792 2060 3891 δωριι
2095 3815 2361 3876 avum
2412 3788 2536 3865 vel

334 3885 535 3965 forte
568 3887 824 3966 hiatus
855 3890 1150 3968 vitandi
1183 3913 1410 3965 causa
1434 3890 1609 3987 δωρα
1644 3924 1692 3988 γ
1717 3922 1968 3964 amn.
2022 3890 2307 3967 Verum
2352 3912 2532 3963 con-

333 3988 671 4065 sonantis
708 3991 878 4066 Vau
930 3998 1268 4089 potestas
1311 3990 1393 4063 in
1442 3988 1631 4062 locis
1667 4012 1819 4064 non
1844 3988 2007 4086 jam
2052 3990 2341 4089 paucis,
2398 3987 2534 4063 sed

338 4083 422 4157 in
455 4090 822 4179 centenis,
867 4099 958 4165 ut
991 4089 1345 4175 diximus,
1388 4087 1717 4163 millibus
1753 4090 2165 4166 obtinebat.

441 4183 625 4283 Age
692 4214 892 4278 vero,
955 4187 1531 4289 quondoquidem
1603 4187 1717 4264 cl.
1766 4189 2102 4266 Bentleii
2169 4181 2543 4262 concilium

1026 4439 1123 4497 75.
1165 4434 1345 4499 ιιι».
1379 4434 1597 4509 Tracta,
1628 4456 1694 4515 p.
1730 4439 1867 4497 ιη.
