3032 4898
323 707 501 758 8801·-

397 773 439 821 Ι.

362 2115 463 2184 20

1580 478 1680 549 48

681 688 727 723 “
783 673 1308 776 Omasanda
1336 671 1657 773 'danda
1687 670 2259 772 ualopmniaesa
2281 666 2603 743 furore?

1433 796 1532 846 m.
1554 774 1918 873 permista
1943 794 2118 846 cum
2146 769 2264 845 ed.
2302 769 2526 842 Cant.

535 925 731 1024 Σχεδ.
785 924 881 999 de
918 924 1108 999 Met.
1144 922 1452 997 Terent.
1556 918 1797 1016 Atqui
1830 938 2019 1015 pace
2051 914 2196 990 viri
2228 913 2494 1009 emnil
2517 912 2737 1011 quid-

533 1047 765 1120 quam
797 1022 1089 1098 faciunt
1121 1021 1452 1097 adducta
1481 1018 1828 1117 exempla
1851 1024 2116 1091 contra
2146 1014 2352 1111 quod
2385 1014 2736 1088 observa-

534 1123 651 1197 vit
677 1123 1079 1197 Romanus.
1183 1119 1428 1194 Velim
1464 1119 1727 1217 utique
1751 1116 1946 1191 scire
1981 1114 2358 1189 undenam
2385 1120 2756 1187 constare·

532 1221 778 1319 possit
807 1221 1021 1320 prius
1056 1221 1135 1294 in
1167 1220 1559 1318 publicum
1592 1216 1921 1316 prodiise
1953 1215 2076 1289 vel
2110 1211 2392 1287 Catulli
2424 1211 2548 1285 vel
2581 1211 2735 1285 Lu-

535 1320 753 1395 cretii
794 1327 1169 1418 poemata,
1225 1342 1453 1416 quam
1487 1315 1846 1392 Varronis
1877 1315 2111 1388 libros
2140 1310 2736 1409 disciplinarum,

538 1418 620 1492 in
656 1420 935 1517 quibus
981 1418 1260 1504 locum,
1293 1418 1374 1491 in
1416 1441 1569 1515 quo
1603 1436 2014 1501 versamur,
2045 1411 2384 1510 repperit
2420 1408 2734 1483 Gellius.

539 1516 710 1592 Hoc
747 1518 1011 1615 utique
1045 1517 1125 1590 ni
1158 1515 1505 1590 alicunde
1554 1523 1875 1600 constet,
1916 1511 2200 1587 frustra
2240 1532 2548 1607 prorsus
2587 1508 2739 1585 erit

537 1614 675 1688 Vir
710 1615 823 1689 cl.
930 1614 1336 1689 Enimvero
1394 1623 1618 1689 natus
1669 1624 1786 1688 est
1835 1612 2075 1686 Varro
2108 1632 2344 1685 annos
2376 1615 2551 1681 ante
2585 1607 2739 1680 Lu-

537 1714 860 1788 cretium
892 1714 1097 1788 haud
1129 1736 1440 1812 paucos,
1472 1720 1653 1787 ante
1708 1712 2099 1786 Catullum
2157 1708 2406 1782 adhuc
2451 1707 2735 1805 plures.

539 1812 769 1895 Quod
820 1822 911 1887 ut
958 1823 1427 1909 praestemus,
1476 1811 1705 1886 liceat
1746 1810 1926 1885 data
1976 1830 2273 1883 sumere
2335 1808 2431 1880 de
2460 1807 2738 1904 quibus

537 1909 738 1984 inter
786 1911 975 1984 alios
1009 1910 1390 1984 convenit.
1505 1918 1651 1984 1¹²⁰.
1707 1909 2096 1984 Catullum
2129 1930 2329 1980 anno
2361 1915 2537 1980 ante
2577 1904 2739 1977 Sal·

537 2007 880 2094 lustium,
911 2008 1059 2083 hoc
1084 2018 1204 2083 est
1237 2009 1331 2081 V.
1356 2009 1449 2082 C.
1488 2015 1638 2082 667
1674 2018 1941 2083 natum
1997 2029 2201 2080 esse:
2281 2002 2407 2079 2¹¹⁰.
2464 2005 2748 2078 Lucre-

540 2106 737 2180 tium
784 2107 946 2182 vita
977 2107 1328 2182 functum
1358 2108 1399 2148 ⁸*
1424 2129 1625 2181 anno
1661 2114 1832 2195 702,
1865 2114 2089 2181 aetate
2122 2106 2445 2202 integra,
2503 2126 2745 2199 quum

541 2228 828 2302 paucos
893 2230 1126 2305 supra
1175 2206 1675 2304 quadraginta
1725 2230 1963 2282 annos
2013 2205 2531 2302 implevisset:
2596 2201 2739 2277 3⁸⁰.

543 2304 960 2380 Varronem
1004 2306 1102 2381 ad
1154 2306 1411 2403 plures
1467 2306 1701 2380 abiise
1760 2329 1962 2379 anno
2015 2312 2185 2378 726.
2288 2304 2463 2379 Jam
2507 2300 2747 2398 igitur

542 2426 834 2576 {ancos
868 2404 1078 2493 istos,
1121 2429 1311 2503 quos
1337 2427 1570 2503 supra
1603 2404 2106 2502 quadraginta
2138 2403 2485 2502 implevit
2507 2423 2746 2476 annos

608 2504 965 2593 ucretius,
991 2506 1256 2579 demus
1278 2505 1514 2579 fuisse
1552 2512 1622 2578 5.
1728 2503 1929 2578 Hinc
1955 2514 2220 2606 natum
2247 2527 2422 2577 eum
2438 2502 2749 2576 habebi-

537 2623 708 2677 mus
759 2627 954 2678 anno
1006 2611 1179 2680 657.
1287 2604 1405 2678 De
1439 2628 1665 2691 ann0,
1716 2627 1868 2700 quo
1919 2613 2141 2677 natus
2192 2602 2424 2676 fuerit
2478 2602 2747 2687 Varro,

539 2724 743 2775 nunc
777 2703 1355 2799 dispiciendum.
1460 2704 1636 2799 Ipse
1688 2713 1949 2777 autem
1980 2703 2075 2778 de
2110 2725 2215 2788 se,
2262 2701 2490 2799 primi
2520 2701 2615 2776 de
2665 2722 2751 2774 re

538 2800 825 2873 rustica
855 2802 1031 2874 libri
1064 2801 1306 2887 initio,
1337 2801 1501 2874 haec
1549 2802 1801 2876 habet.
1853 2810 1902 2842 “
1923 2803 2189 2875 Annus
2222 2801 2426 2875 enim
2459 2810 2752 2899 octoge-

536 2905 585 2938 “
631 2898 853 2970 simus
884 2900 1243 2974 admonet
1275 2923 1398 2973 me
1432 2908 1523 2973 ut
1557 2900 1888 2975 sarcinas
1924 2902 2277 2997 colligam
2318 2907 2497 2973 ante
2524 2923 2754 2996 quam

538 3003 587 3037 ⁸
636 2996 1073 3094 proficiscar
1124 3022 1167 3073 e
1218 2998 1445 3073 vital·
1549 2999 1836 3074 Demus
1859 2998 2022 3097 jam
2056 3023 2235 3074 eum
2284 3024 2327 3073 e
2379 2999 2542 3074 vita
2572 3022 2752 3096 pro-

542 3092 831 3169 fectum
858 3120 1022 3181 esse
1051 3098 1223 3194 ipso
1250 3097 1378 3171 illo
1413 3107 1575 3171 octo
1631 3100 1873 3185 esimo,
1906 3123 2058 3196 quo
2074 3098 2238 3197 jam
2271 3107 2438 3172 tum
2469 3098 2753 3171 scribe-

544 3193 704 3281 bat,
733 3218 953 3270 anno.
1060 3197 1247 3271 Inde
1278 3204 1541 3270 natum
1627 3199 2016 3274 abebimus
2044 3221 2242 3271 anno
2261 3203 2431 3269 646.
2467 3196 2614 3269 hoc
2633 3205 2755 3269 est

542 3299 720 3366 ante
778 3304 1043 3368 natum
1117 3297 1506 3370 Catullum
1550 3305 1750 3371 21³⁰.
1820 3308 1998 3372 ante
2053 3296 2495 3370 Lucretium
2553 3302 2749 3368 11⁸⁰.

546 3390 918 3466 Fraudem
944 3393 1539 3470 videtur‘fecisse
1558 3397 1724 3470 viro
1750 3396 1866 3469 Cl.
1898 3396 2105 3492 quod
2132 3405 2307 3470 ante
2335 3395 2756 3470 Varronem

544 3490 819 3566 obierit
846 3494 1255 3569 Lucretius
1290 3517 1527 3569 annos
1563 3502 1686 3582 24,
1722 3495 2069 3570 Catullus
2102 3501 2223 3569 22.
2251 3497 2306 3533 ⁴⁰

626 3691 726 3746 40.
752 3694 789 3723 ‘⁴
808 3687 992 3750 Varro
1006 3711 1157 3752 anno
1171 3693 1602 3770 octuagessimo
1698 3693 2090 3773 Hieronymus.
2133 3693 2228 3752 De
2245 3689 2752 3751 Catulliobitndu-

544 3777 607 3823 et
632 3780 840 3826 octavo
861 3772 1053 3829 etatis
1068 3790 1192 3829 nuae
1208 3772 1401 3831 adhuc
1419 3773 1600 3832 libro·
1697 3773 1830 3832 hius
1843 3774 2072 3832 haereo:
2092 3772 2483 3831 Ovid.Amor.
2505 3791 2591 3841 111,
2603 3771 2678 3840 ix,
2693 3775 2752 3828 6.

548 3845 857 3936 scribebat,
886 3861 1031 3908 teste
1070 3850 1263 3909 Plinio
1290 3851 1391 3910 lib.
1423 3871 1598 3912 xxix.
1704 3851 2461 3912 Obvimlmicveniasloedera
2468 3849 2758 3928 juvenilia

548 3941 630 3984 iv.
676 3937 737 3982 et
768 3926 981 3986 obiisse
1026 3929 1279 3988 creditur
1307 3931 1383 3990 A.
1417 3930 1494 3990 U.
1526 3931 1598 3992 C.
1700 3933 1912 3991 cinctus
1929 3933 2224 4010 Tempora
2251 3951 2374 3989 cum
2394 3929 2760 3996 Cabodoeoe

552 4005 881 4063 uocum?
948 4006 1213 4086 Poggim’i
1262 4009 1459 4069 Pur.
1524 4011 1602 4070 ad
1708 4011 1953 4080 Catulle,
1983 4022 2091 4071 tuo.
2131 4016 2171 4044 ‘⁸
2194 4011 2348 4069 unde
2374 4023 2534 4088 patet
2552 4007 2759 4067 Catul-

551 4078 721 4141 Verr.
745 4082 932 4144 Flaec.
954 4085 1031 4144 V.
1059 4095 1095 4122 ‘⁸
1117 4088 1602 4159 Lucretiumanrei
1699 4088 1824 4148 lum
1862 4092 2077 4149 obiisse
2109 4089 2441 4168 juvenem.’'
2511 4088 2628 4146 Sed
2669 4089 2762 4146 vit

548 4161 745 4220 seculi
773 4164 1036 4256 scriptor,
1066 4168 1211 4227 obiit
1245 4187 1316 4227 eo
1343 4169 1472 4245 ipso
1502 4169 1601 4228 die
1701 4170 2047 4246 πολυΐπυρ,
2073 4169 2381 4229 Edam-dus
2426 4167 2655 4235 oibhon,
2699 4167 2762 4226 in

590 4259 670 4299 uo
699 4240 980 4320 Virgilius
1019 4246 1242 4305 virilem
1285 4259 1481 4322 tog-am
1508 4248 1600 4306 in-
1705 4246 1880 4306 Mioc.
1899 4248 1976 4306 V.
1993 4268 2034 4307 1.
2047 4268 2146 4327 pp.
2162 4252 2499 4309 357-362.
2524 4265 2760 4305 munem

592 4321 697 4390 uit,
721 4319 1003 4402 Pompeio
1025 4344 1093 4382 ac
1118 4323 1330 4382 Crasso
1353 4337 1602 4402 utroque
1702 4326 2122 4387 dubitationem
2149 4328 2258 4387 hac
2275 4324 2760 4387 dercexemit—

552 4396 937 4460 ioerumcou.
959 4400 1113 4461 U.C.
1131 4402 1301 4459 699?
1318 4402 1601 4465 Nor-iud
1702 4403 1892 4464 Varro
1973 4407 2170 4465 uidem
2215 4405 2396 4464 tradit
2416 4404 2574 4484 apud
2599 4403 2756 4464 Cen·

553 4471 876 4555 cenouph.
897 4480 1015 4541 Pin.
1033 4500 1093 4559 p.
1107 4485 1254 4552 4683
1285 4479 1438 4542 U.C.
1458 4487 1601 4546 70³.
1699 4485 1876 4546 norin-
1922 4427 1998 4548 ἕο
2036 4485 2115 4548 D.
2137 4483 2215 4546 N.
2243 4503 2368 4564 cup.
2399 4487 2494 4546 14.
2522 4487 2759 4560 j-venee
