<?xml version="1.0" encoding="UTF-8"?>
<!DOCTYPE html PUBLIC "-//W3C//DTD XHTML 1.0 Transitional//EN"
    "http://www.w3.org/TR/xhtml1/DTD/xhtml1-transitional.dtd">
<html xmlns="http://www.w3.org/1999/xhtml" xml:lang="en" lang="en">
 <head>
  <title>
</title>
<meta http-equiv="Content-Type" content="text/html;charset=utf-8" />
  <meta name='ocr-system' content='tesseract 3.04.00' />
  <meta name='ocr-capabilities' content='ocr_page ocr_carea ocr_par ocr_line ocrx_word'/>
</head>
<body>
  <div class='ocr_page' id='page_1' title='image "./ricardidawesiim02kiddgoog_0673.png"; bbox 0 0 3032 4898; ppageno 0'>
   <div class='ocr_carea' id='block_1_1' title="bbox 1526 443 1705 530">
    <p class='ocr_par' dir='ltr' id='par_1_1' title="bbox 1526 443 1705 530">
     <span class='ocr_line' id='line_1_1' title="bbox 1526 443 1705 530; baseline 0.011 -18"><span class='ocrx_word' id='word_1_1' title='bbox 1526 443 1674 514; x_wconf 80' lang='lat'>578</span> <span class='ocrx_word' id='word_1_2' title='bbox 1700 523 1705 530; x_wconf 56' lang='grc'><strong>,</strong></span> 
     </span>
    </p>
   </div>
   <div class='ocr_carea' id='block_1_2' title="bbox 290 637 2763 839">
    <p class='ocr_par' dir='ltr' id='par_1_2' title="bbox 290 637 2763 839">
     <span class='ocr_line' id='line_1_2' title="bbox 290 637 2763 738; baseline -0.004 -17"><span class='ocrx_word' id='word_1_3' title='bbox 290 671 473 721; x_wconf 78' lang='lat' dir='ltr'>sscr.</span> <span class='ocrx_word' id='word_1_4' title='bbox 499 644 850 721; x_wconf 82' lang='lat' dir='ltr'><strong>Postulat</strong></span> <span class='ocrx_word' id='word_1_5' title='bbox 901 666 1084 719; x_wconf 85' lang='lat' dir='ltr'>vero</span> <span class='ocrx_word' id='word_1_6' title='bbox 1137 641 1289 716; x_wconf 87' lang='lat' dir='ltr'>loci</span> <span class='ocrx_word' id='word_1_7' title='bbox 1347 639 1645 716; x_wconf 84' lang='lat' dir='ltr'><strong>indoles</strong></span> <span class='ocrx_word' id='word_1_8' title='bbox 1699 639 2022 715; x_wconf 85' lang='lat' dir='ltr'>verbum</span> <span class='ocrx_word' id='word_1_9' title='bbox 2075 637 2763 738; x_wconf 63' lang='lat' dir='ltr'>praesens-imper·</span> 
     </span>
     <span class='ocr_line' id='line_1_3' title="bbox 343 731 2629 839; baseline -0.004 -18"><span class='ocrx_word' id='word_1_10' title='bbox 343 738 403 785; x_wconf 67' lang='lat' dir='ltr'>V·</span> <span class='ocrx_word' id='word_1_11' title='bbox 498 746 788 822; x_wconf 90' lang='lat' dir='ltr'>fectum</span> <span class='ocrx_word' id='word_1_12' title='bbox 838 745 1070 819; x_wconf 81' lang='lat' dir='ltr'>video.</span> <span class='ocrx_word' id='word_1_13' title='bbox 1176 741 1445 817; x_wconf 83' lang='lat' dir='ltr'>Lectio</span> <span class='ocrx_word' id='word_1_14' title='bbox 1479 731 1794 839; x_wconf 83' lang='lat' dir='ltr'>vulgata</span> <span class='ocrx_word' id='word_1_15' title='bbox 1826 740 1935 815; x_wconf 89' lang='lat' dir='ltr'>sic</span> <span class='ocrx_word' id='word_1_16' title='bbox 1968 747 2629 839; x_wconf 85' lang='lat' dir='ltr'>repraesentatur:</span> 
     </span>
    </p>
   </div>
   <div class='ocr_carea' id='block_1_3' title="bbox 272 840 478 856">
    <p class='ocr_par' dir='ltr' id='par_1_3' title="bbox 272 840 478 856">
     <span class='ocr_line' id='line_1_4' title="bbox 272 840 478 856; baseline 0 0"><span class='ocrx_word' id='word_1_17' title='bbox 272 840 478 856; x_wconf 95' lang='lat' dir='ltr'> </span> 
     </span>
    </p>
   </div>
   <div class='ocr_carea' id='block_1_4' title="bbox 603 876 2729 982">
    <p class='ocr_par' dir='ltr' id='par_1_4' title="bbox 603 876 2729 982">
     <span class='ocr_line' id='line_1_5' title="bbox 603 876 2729 982; baseline -0.002 -27"><span class='ocrx_word' id='word_1_18' title='bbox 603 892 705 966; x_wconf 86' lang='grc' dir='ltr'>Ως</span> <span class='ocrx_word' id='word_1_19' title='bbox 739 917 814 955; x_wconf 89' lang='grc' dir='ltr'>ου</span> <span class='ocrx_word' id='word_1_20' title='bbox 851 886 1133 982; x_wconf 73' lang='grc' dir='ltr'><strong>καθορω.</strong></span> <span class='ocrx_word' id='word_1_21' title='bbox 1223 888 1422 979; x_wconf 78' lang='grc' dir='ltr'>Παρα</span> <span class='ocrx_word' id='word_1_22' title='bbox 1454 915 1575 962; x_wconf 77' lang='grc' dir='ltr'>την</span> <span class='ocrx_word' id='word_1_23' title='bbox 1612 881 1885 953; x_wconf 72' lang='grc' dir='ltr'>εισοὸον.</span> <span class='ocrx_word' id='word_1_24' title='bbox 1973 882 2119 962; x_wconf 77' lang='grc' dir='ltr'>Ηὸη</span> <span class='ocrx_word' id='word_1_25' title='bbox 2156 914 2272 952; x_wconf 79' lang='grc' dir='ltr'>νυν</span> <span class='ocrx_word' id='word_1_26' title='bbox 2302 876 2579 972; x_wconf 80' lang='grc' dir='ltr'>μολις</span> <span class='ocrx_word' id='word_1_27' title='bbox 2545 912 2729 977; x_wconf 72' lang='lat' dir='ltr'>opo.</span> 
     </span>
    </p>
   </div>
   <div class='ocr_carea' id='block_1_5' title="bbox 506 1017 2424 1120">
    <p class='ocr_par' dir='ltr' id='par_1_5' title="bbox 506 1017 2424 1120">
     <span class='ocr_line' id='line_1_6' title="bbox 506 1017 2424 1120; baseline -0.002 -25"><span class='ocrx_word' id='word_1_28' title='bbox 506 1023 682 1104; x_wconf 86' lang='lat' dir='ltr'>Quo</span> <span class='ocrx_word' id='word_1_29' title='bbox 718 1032 948 1120; x_wconf 86' lang='lat' dir='ltr'>pacto</span> <span class='ocrx_word' id='word_1_30' title='bbox 984 1020 1065 1093; x_wconf 89' lang='lat' dir='ltr'>in</span> <span class='ocrx_word' id='word_1_31' title='bbox 1115 1043 1381 1093; x_wconf 86' lang='lat' dir='ltr'>versus</span> <span class='ocrx_word' id='word_1_32' title='bbox 1417 1017 1567 1092; x_wconf 89' lang='lat' dir='ltr'>fine</span> <span class='ocrx_word' id='word_1_33' title='bbox 1622 1041 1761 1117; x_wconf 86' lang='lat' dir='ltr'>pes</span> <span class='ocrx_word' id='word_1_34' title='bbox 1822 1018 2123 1115; x_wconf 82' lang='lat' dir='ltr'>integer</span> <span class='ocrx_word' id='word_1_35' title='bbox 2182 1019 2424 1093; x_wconf 82' lang='lat' dir='ltr'>deest.</span> 
     </span>
    </p>
   </div>
   <div class='ocr_carea' id='block_1_6' title="bbox 2536 1018 2773 1090">
    <p class='ocr_par' dir='ltr' id='par_1_6' title="bbox 2536 1018 2773 1090">
     <span class='ocr_line' id='line_1_7' title="bbox 2536 1018 2773 1090; baseline 0 0"><span class='ocrx_word' id='word_1_36' title='bbox 2536 1018 2773 1090; x_wconf 86' lang='lat' dir='ltr'>Eum</span> 
     </span>
    </p>
   </div>
   <div class='ocr_carea' id='block_1_7' title="bbox 504 1118 2426 1218">
    <p class='ocr_par' dir='ltr' id='par_1_7' title="bbox 504 1118 2426 1218">
     <span class='ocr_line' id='line_1_8' title="bbox 504 1118 2426 1218; baseline -0.003 -22"><span class='ocrx_word' id='word_1_37' title='bbox 504 1132 764 1196; x_wconf 85' lang='lat' dir='ltr'>autem</span> <span class='ocrx_word' id='word_1_38' title='bbox 797 1145 893 1195; x_wconf 87' lang='lat' dir='ltr'>ex</span> <span class='ocrx_word' id='word_1_39' title='bbox 929 1130 1296 1218; x_wconf 88' lang='lat' dir='ltr'>sequente</span> <span class='ocrx_word' id='word_1_40' title='bbox 1323 1126 1443 1193; x_wconf 87' lang='lat' dir='ltr'>sat</span> <span class='ocrx_word' id='word_1_41' title='bbox 1467 1118 1866 1193; x_wconf 86' lang='lat' dir='ltr'>commode</span> <span class='ocrx_word' id='word_1_42' title='bbox 1904 1119 2426 1217; x_wconf 87' lang='lat' dir='ltr'>suppleveris·</span> 
     </span>
    </p>
   </div>
   <div class='ocr_carea' id='block_1_8' title="bbox 708 1299 910 1314">
    <p class='ocr_par' dir='ltr' id='par_1_8' title="bbox 708 1299 910 1314">
     <span class='ocr_line' id='line_1_9' title="bbox 708 1299 910 1314; baseline 0 3584"><span class='ocrx_word' id='word_1_43' title='bbox 708 1299 910 1314; x_wconf 95' lang='lat' dir='ltr'> </span> 
     </span>
    </p>
   </div>
   <div class='ocr_carea' id='block_1_9' title="bbox 914 1300 1110 1313">
    <p class='ocr_par' dir='ltr' id='par_1_9' title="bbox 914 1300 1110 1313">
     <span class='ocr_line' id='line_1_10' title="bbox 914 1300 1110 1313; baseline 0 0"><span class='ocrx_word' id='word_1_44' title='bbox 914 1300 1110 1313; x_wconf 95' lang='lat' dir='ltr'> </span> 
     </span>
    </p>
   </div>
   <div class='ocr_carea' id='block_1_10' title="bbox 509 1396 1286 1494">
    <p class='ocr_par' dir='ltr' id='par_1_10' title="bbox 509 1396 1286 1494">
     <span class='ocr_line' id='line_1_11' title="bbox 509 1396 1286 1494; baseline -0.001 -25"><span class='ocrx_word' id='word_1_45' title='bbox 509 1397 626 1470; x_wconf 89' lang='lat' dir='ltr'>lbi</span> <span class='ocrx_word' id='word_1_46' title='bbox 665 1396 930 1494; x_wconf 90' lang='lat' dir='ltr'>utique</span> <span class='ocrx_word' id='word_1_47' title='bbox 956 1396 1238 1494; x_wconf 85' lang='lat' dir='ltr'>legitur</span> <span class='ocrx_word' id='word_1_48' title='bbox 1268 1422 1286 1469; x_wconf 73' lang='grc' dir='ltr'><strong>ε</strong></span> 
     </span>
    </p>
   </div>
   <div class='ocr_carea' id='block_1_11' title="bbox 1145 1254 2198 1354">
    <p class='ocr_par' dir='ltr' id='par_1_11' title="bbox 1145 1254 2198 1354">
     <span class='ocr_line' id='line_1_12' title="bbox 1145 1254 2198 1354; baseline -0.001 -25"><span class='ocrx_word' id='word_1_49' title='bbox 1145 1259 1292 1340; x_wconf 61' lang='lat' dir='ltr'>HS»,</span> <span class='ocrx_word' id='word_1_50' title='bbox 1329 1290 1444 1328; x_wconf 79' lang='grc' dir='ltr'>νυν</span> <span class='ocrx_word' id='word_1_51' title='bbox 1477 1254 1736 1348; x_wconf 78' lang='grc' dir='ltr'>μολις</span> <span class='ocrx_word' id='word_1_52' title='bbox 1707 1290 1844 1354; x_wconf 70' lang='lat' dir='ltr'>opo»</span> <span class='ocrx_word' id='word_1_53' title='bbox 1882 1263 2198 1330; x_wconf 76' lang='grc' dir='ltr'><strong>Α’ΥΤΑΣ.</strong></span> 
     </span>
    </p>
   </div>
   <div class='ocr_carea' id='block_1_12' title="bbox 915 1538 2220 1636">
    <p class='ocr_par' dir='ltr' id='par_1_12' title="bbox 915 1538 2220 1636">
     <span class='ocr_line' id='line_1_13' title="bbox 915 1538 2220 1636; baseline 0 -28"><span class='ocrx_word' id='word_1_54' title='bbox 915 1542 1058 1609; x_wconf 84' lang='grc' dir='ltr'>Νυν</span> <span class='ocrx_word' id='word_1_55' title='bbox 1089 1570 1164 1636; x_wconf 77' lang='grc' dir='ltr'>γε</span> <span class='ocrx_word' id='word_1_56' title='bbox 1198 1569 1298 1609; x_wconf 78' lang='grc' dir='ltr'>τοι</span> <span class='ocrx_word' id='word_1_57' title='bbox 1331 1538 1446 1620; x_wconf 73' lang='grc' dir='ltr'>ηὸη</span> <span class='ocrx_word' id='word_1_58' title='bbox 1481 1542 1766 1636; x_wconf 66' lang='grc' dir='ltr'>καθορᾳς</span> <span class='ocrx_word' id='word_1_59' title='bbox 1817 1541 2220 1608; x_wconf 72' lang='grc' dir='ltr'><strong>ΑΎΤΑΣ-</strong></span> 
     </span>
    </p>
   </div>
   <div class='ocr_carea' id='block_1_13' title="bbox 513 1800 982 1851">
    <p class='ocr_par' dir='ltr' id='par_1_13' title="bbox 513 1800 982 1851">
     <span class='ocr_line' id='line_1_14' title="bbox 513 1800 982 1851; baseline -0.004 0"><span class='ocrx_word' id='word_1_60' title='bbox 513 1800 783 1851; x_wconf 74' lang='lat' dir='ltr'>llumel</span> <span class='ocrx_word' id='word_1_61' title='bbox 787 1800 982 1850; x_wconf 81' lang='lat' dir='ltr'><strong>OSOS.</strong></span> 
     </span>
    </p>
   </div>
   <div class='ocr_carea' id='block_1_14' title="bbox 337 1670 2767 1875">
    <p class='ocr_par' dir='ltr' id='par_1_14' title="bbox 337 1670 2767 1875">
     <span class='ocr_line' id='line_1_15' title="bbox 337 1670 2767 1772; baseline -0.002 -24"><span class='ocrx_word' id='word_1_62' title='bbox 337 1690 486 1757; x_wconf 84' lang='lat'>322</span> <span class='ocrx_word' id='word_1_63' title='bbox 514 1677 557 1724; x_wconf 76' lang='lat'>⁴⁸</span> <span class='ocrx_word' id='word_1_64' title='bbox 599 1673 879 1749; x_wconf 87' lang='lat' dir='ltr'>Versus</span> <span class='ocrx_word' id='word_1_65' title='bbox 905 1674 1218 1772; x_wconf 90' lang='lat' dir='ltr'>quidem</span> <span class='ocrx_word' id='word_1_66' title='bbox 1252 1674 1366 1749; x_wconf 85' lang='lat' dir='ltr'>ita</span> <span class='ocrx_word' id='word_1_67' title='bbox 1390 1677 1835 1751; x_wconf 85' lang='lat' dir='ltr'>emendatus</span> <span class='ocrx_word' id='word_1_68' title='bbox 1861 1699 2016 1749; x_wconf 91' lang='lat' dir='ltr'>non</span> <span class='ocrx_word' id='word_1_69' title='bbox 2042 1682 2159 1748; x_wconf 88' lang='lat' dir='ltr'>est</span> <span class='ocrx_word' id='word_1_70' title='bbox 2183 1672 2386 1746; x_wconf 89' lang='lat' dir='ltr'>inter</span> <span class='ocrx_word' id='word_1_71' title='bbox 2409 1670 2767 1745; x_wconf 83' lang='lat' dir='ltr'>maxime</span> 
     </span>
     <span class='ocr_line' id='line_1_16' title="bbox 1090 1776 2129 1875; baseline -0.001 -26"><span class='ocrx_word' id='word_1_72' title='bbox 1090 1776 1240 1850; x_wconf 88' lang='lat' dir='ltr'>Sed</span> <span class='ocrx_word' id='word_1_73' title='bbox 1268 1784 1386 1849; x_wconf 90' lang='lat' dir='ltr'>est</span> <span class='ocrx_word' id='word_1_74' title='bbox 1421 1786 1679 1852; x_wconf 85' lang='lat' dir='ltr'>tamen</span> <span class='ocrx_word' id='word_1_75' title='bbox 1713 1777 2129 1875; x_wconf 81' lang='lat' dir='ltr'>legitimuS.</span> 
     </span>
    </p>
   </div>
   <div class='ocr_carea' id='block_1_15' title="bbox 2238 1771 2765 1869">
    <p class='ocr_par' dir='ltr' id='par_1_15' title="bbox 2238 1771 2765 1869">
     <span class='ocr_line' id='line_1_17' title="bbox 2238 1771 2765 1869; baseline -0.006 -23"><span class='ocrx_word' id='word_1_76' title='bbox 2238 1773 2445 1855; x_wconf 87' lang='lat' dir='ltr'>Quin</span> <span class='ocrx_word' id='word_1_77' title='bbox 2476 1783 2560 1845; x_wconf 91' lang='lat' dir='ltr'>et</span> <span class='ocrx_word' id='word_1_78' title='bbox 2598 1771 2765 1869; x_wconf 89' lang='lat' dir='ltr'>ipsi</span> 
     </span>
    </p>
   </div>
   <div class='ocr_carea' id='block_1_16' title="bbox 512 1875 2769 1974">
    <p class='ocr_par' dir='ltr' id='par_1_16' title="bbox 512 1875 2769 1974">
     <span class='ocr_line' id='line_1_18' title="bbox 512 1875 2769 1974; baseline -0.002 -25"><span class='ocrx_word' id='word_1_79' title='bbox 512 1877 694 1950; x_wconf 89' lang='lat' dir='ltr'>huic</span> <span class='ocrx_word' id='word_1_80' title='bbox 730 1875 1094 1974; x_wconf 89' lang='lat' dir='ltr'>quicquid</span> <span class='ocrx_word' id='word_1_81' title='bbox 1150 1884 1267 1949; x_wconf 90' lang='lat' dir='ltr'>est</span> <span class='ocrx_word' id='word_1_82' title='bbox 1328 1876 1795 1952; x_wconf 86' lang='lat' dir='ltr'>incommodi</span> <span class='ocrx_word' id='word_1_83' title='bbox 1830 1887 2128 1952; x_wconf 85' lang='lat' dir='ltr'>mutato</span> <span class='ocrx_word' id='word_1_84' title='bbox 2178 1875 2600 1948; x_wconf 88' lang='lat' dir='ltr'>verborum</span> <span class='ocrx_word' id='word_1_85' title='bbox 2636 1896 2769 1945; x_wconf 88' lang='lat' dir='ltr'>or·</span> 
     </span>
    </p>
   </div>
   <div class='ocr_carea' id='block_1_17' title="bbox 516 1976 1491 2074">
    <p class='ocr_par' dir='ltr' id='par_1_17' title="bbox 516 1976 1491 2074">
     <span class='ocr_line' id='line_1_19' title="bbox 516 1976 1491 2074; baseline 0 -24"><span class='ocrx_word' id='word_1_86' title='bbox 516 1976 693 2050; x_wconf 91' lang='lat' dir='ltr'>dine</span> <span class='ocrx_word' id='word_1_87' title='bbox 729 1976 1120 2050; x_wconf 85' lang='lat' dir='ltr'>subveniri</span> <span class='ocrx_word' id='word_1_88' title='bbox 1155 1976 1491 2074; x_wconf 88' lang='lat' dir='ltr'>poterit:</span> 
     </span>
    </p>
   </div>
   <div class='ocr_carea' id='block_1_18' title="bbox 716 2153 1013 2169">
    <p class='ocr_par' dir='ltr' id='par_1_18' title="bbox 716 2153 1013 2169">
     <span class='ocr_line' id='line_1_20' title="bbox 716 2153 1013 2169; baseline 0 2729"><span class='ocrx_word' id='word_1_89' title='bbox 716 2153 1013 2169; x_wconf 95' lang='lat' dir='ltr'> </span> 
     </span>
    </p>
   </div>
   <div class='ocr_carea' id='block_1_19' title="bbox 1019 2154 1315 2170">
    <p class='ocr_par' dir='ltr' id='par_1_19' title="bbox 1019 2154 1315 2170">
     <span class='ocr_line' id='line_1_21' title="bbox 1019 2154 1315 2170; baseline 0 0"><span class='ocrx_word' id='word_1_90' title='bbox 1019 2154 1315 2170; x_wconf 95' lang='lat' dir='ltr'> </span> 
     </span>
    </p>
   </div>
   <div class='ocr_carea' id='block_1_20' title="bbox 515 2314 1589 4576">
    <p class='ocr_par' dir='ltr' id='par_1_20' title="bbox 515 2314 1589 4576">
     <span class='ocr_line' id='line_1_22' title="bbox 601 2314 1576 2392; baseline 0.002 -18"><span class='ocrx_word' id='word_1_91' title='bbox 601 2320 738 2374; x_wconf 84' lang='grc'><strong>302.</strong></span> <span class='ocrx_word' id='word_1_92' title='bbox 770 2319 807 2348; x_wconf 85' lang='grc'><em>“</em></span> <span class='ocrx_word' id='word_1_93' title='bbox 831 2314 951 2374; x_wconf 88' lang='lat' dir='ltr'>Sed</span> <span class='ocrx_word' id='word_1_94' title='bbox 978 2314 1124 2392; x_wconf 78' lang='lat' dir='ltr'>illud</span> <span class='ocrx_word' id='word_1_95' title='bbox 1150 2315 1329 2383; x_wconf 70' lang='grc' dir='ltr'><strong><em>αὐτὸς</em></strong></span> <span class='ocrx_word' id='word_1_96' title='bbox 1357 2316 1576 2376; x_wconf 84' lang='lat' dir='ltr'>incom-</span> 
     </span>
     <span class='ocr_line' id='line_1_23' title="bbox 515 2395 1579 2466; baseline 0.002 -9"><span class='ocrx_word' id='word_1_97' title='bbox 515 2396 692 2457; x_wconf 87' lang='lat' dir='ltr'>mode</span> <span class='ocrx_word' id='word_1_98' title='bbox 740 2395 994 2466; x_wconf 85' lang='lat' dir='ltr'>additur,</span> <span class='ocrx_word' id='word_1_99' title='bbox 1039 2397 1182 2457; x_wconf 87' lang='lat' dir='ltr'>dum</span> <span class='ocrx_word' id='word_1_100' title='bbox 1221 2397 1352 2458; x_wconf 82' lang='lat' dir='ltr'>haec</span> <span class='ocrx_word' id='word_1_101' title='bbox 1397 2399 1579 2459; x_wconf 82' lang='lat' dir='ltr'>verba</span> 
     </span>
     <span class='ocr_line' id='line_1_24' title="bbox 520 2478 1579 2574; baseline 0.002 -36"><span class='ocrx_word' id='word_1_102' title='bbox 520 2478 883 2574; x_wconf 81' lang='lat' dir='ltr'>Strepsiades</span> <span class='ocrx_word' id='word_1_103' title='bbox 910 2478 1187 2557; x_wconf 84' lang='lat' dir='ltr'>loquitur,</span> <span class='ocrx_word' id='word_1_104' title='bbox 1229 2480 1329 2557; x_wconf 90' lang='lat' dir='ltr'>qui</span> <span class='ocrx_word' id='word_1_105' title='bbox 1372 2500 1579 2541; x_wconf 83' lang='lat' dir='ltr'>versus</span> 
     </span>
     <span class='ocr_line' id='line_1_25' title="bbox 519 2558 1580 2655; baseline 0.003 -37"><span class='ocrx_word' id='word_1_106' title='bbox 519 2560 685 2618; x_wconf 88' lang='lat' dir='ltr'>initio</span> <span class='ocrx_word' id='word_1_107' title='bbox 709 2580 824 2619; x_wconf 90' lang='lat' dir='ltr'>non</span> <span class='ocrx_word' id='word_1_108' title='bbox 844 2559 1150 2618; x_wconf 81' lang='lat' dir='ltr'>addiderit.</span> <span class='ocrx_word' id='word_1_109' title='bbox 1184 2558 1580 2655; x_wconf 36' lang='lat' dir='ltr'>‘Superscrip-</span> 
     </span>
     <span class='ocr_line' id='line_1_26' title="bbox 522 2641 1581 2719; baseline 0.002 -20"><span class='ocrx_word' id='word_1_110' title='bbox 522 2654 648 2699; x_wconf 90' lang='lat' dir='ltr'>tum</span> <span class='ocrx_word' id='word_1_111' title='bbox 683 2660 792 2718; x_wconf 90' lang='lat' dir='ltr'>pro</span> <span class='ocrx_word' id='word_1_112' title='bbox 841 2641 1313 2719; x_wconf 83' lang='lat' dir='ltr'>interpretatione</span> <span class='ocrx_word' id='word_1_113' title='bbox 1361 2642 1420 2701; x_wconf 88' lang='lat' dir='ltr'>in</span> <span class='ocrx_word' id='word_1_114' title='bbox 1463 2663 1581 2701; x_wconf 94' lang='lat' dir='ltr'>uno</span> 
     </span>
     <span class='ocr_line' id='line_1_27' title="bbox 523 2719 1588 2800; baseline 0.004 -22"><span class='ocrx_word' id='word_1_115' title='bbox 523 2719 662 2780; x_wconf 90' lang='lat' dir='ltr'>MS.</span> <span class='ocrx_word' id='word_1_116' title='bbox 682 2720 841 2791; x_wconf 84' lang='lat' dir='ltr'>vidi;</span> <span class='ocrx_word' id='word_1_117' title='bbox 874 2723 934 2780; x_wconf 88' lang='lat' dir='ltr'>in</span> <span class='ocrx_word' id='word_1_118' title='bbox 958 2735 1124 2781; x_wconf 83' lang='lat' dir='ltr'>textu</span> <span class='ocrx_word' id='word_1_119' title='bbox 1145 2722 1381 2800; x_wconf 89' lang='lat' dir='ltr'>quidem</span> <span class='ocrx_word' id='word_1_120' title='bbox 1409 2722 1588 2782; x_wconf 83' lang='lat' dir='ltr'>habet</span> 
     </span>
     <span class='ocr_line' id='line_1_28' title="bbox 522 2801 1587 2872; baseline 0.004 -13"><span class='ocrx_word' id='word_1_121' title='bbox 522 2801 663 2860; x_wconf 90' lang='lat' dir='ltr'>MS.</span> <span class='ocrx_word' id='word_1_122' title='bbox 704 2801 1032 2872; x_wconf 82' lang='lat' dir='ltr'>Ravennas,</span> <span class='ocrx_word' id='word_1_123' title='bbox 1070 2802 1176 2861; x_wconf 89' lang='lat' dir='ltr'>sed</span> <span class='ocrx_word' id='word_1_124' title='bbox 1203 2802 1357 2861; x_wconf 88' lang='lat' dir='ltr'>idem</span> <span class='ocrx_word' id='word_1_125' title='bbox 1387 2818 1587 2863; x_wconf 86' lang='lat' dir='ltr'>contra</span> 
     </span>
     <span class='ocr_line' id='line_1_29' title="bbox 523 2882 1589 2959; baseline 0.005 -20"><span class='ocrx_word' id='word_1_126' title='bbox 523 2901 759 2940; x_wconf 88' lang='lat' dir='ltr'>sensum</span> <span class='ocrx_word' id='word_1_127' title='bbox 791 2884 899 2959; x_wconf 84' lang='grc' dir='ltr'>ὁρῶ</span> <span class='ocrx_word' id='word_1_128' title='bbox 929 2883 1160 2941; x_wconf 89' lang='lat' dir='ltr'>omittit.</span> <span class='ocrx_word' id='word_1_129' title='bbox 1204 2882 1387 2949; x_wconf 84' lang='lat' dir='ltr'>Quod</span> <span class='ocrx_word' id='word_1_130' title='bbox 1411 2884 1589 2944; x_wconf 88' lang='lat' dir='ltr'>habet</span> 
     </span>
     <span class='ocr_line' id='line_1_30' title="bbox 523 2961 1587 3042; baseline 0.005 -24"><span class='ocrx_word' id='word_1_131' title='bbox 523 2961 703 3019; x_wconf 92' lang='lat' dir='ltr'><strong>MSS.</strong></span> <span class='ocrx_word' id='word_1_132' title='bbox 760 2961 881 3020; x_wconf 82' lang='lat' dir='ltr'>fere</span> <span class='ocrx_word' id='word_1_133' title='bbox 949 2962 1191 3022; x_wconf 86' lang='lat' dir='ltr'>dimidia</span> <span class='ocrx_word' id='word_1_134' title='bbox 1243 2984 1378 3041; x_wconf 84' lang='lat' dir='ltr'>pars</span> <span class='ocrx_word' id='word_1_135' title='bbox 1431 2968 1587 3042; x_wconf 71' lang='grc' dir='ltr'>ἀθρῶ</span> 
     </span>
     <span class='ocr_line' id='line_1_31' title="bbox 524 3042 1586 3119; baseline 0.003 -18"><span class='ocrx_word' id='word_1_136' title='bbox 524 3043 775 3119; x_wconf 84' lang='lat' dir='ltr'>probant</span> <span class='ocrx_word' id='word_1_137' title='bbox 802 3042 1093 3102; x_wconf 90' lang='lat' dir='ltr'>Kusterus</span> <span class='ocrx_word' id='word_1_138' title='bbox 1113 3057 1171 3101; x_wconf 87' lang='lat' dir='ltr'>et</span> <span class='ocrx_word' id='word_1_139' title='bbox 1194 3043 1332 3115; x_wconf 81' lang='lat' dir='ltr'>alii3</span> <span class='ocrx_word' id='word_1_140' title='bbox 1364 3044 1424 3103; x_wconf 87' lang='lat' dir='ltr'>in</span> <span class='ocrx_word' id='word_1_141' title='bbox 1453 3059 1586 3104; x_wconf 86' lang='lat' dir='ltr'>tex-</span> 
     </span>
     <span class='ocr_line' id='line_1_32' title="bbox 523 3121 1584 3203; baseline 0.003 -22"><span class='ocrx_word' id='word_1_142' title='bbox 523 3134 650 3181; x_wconf 85' lang='lat' dir='ltr'>tum</span> <span class='ocrx_word' id='word_1_143' title='bbox 709 3121 904 3182; x_wconf 88' lang='lat' dir='ltr'>intulit</span> <span class='ocrx_word' id='word_1_144' title='bbox 959 3122 1584 3203; x_wconf 67' lang='lat' dir='ltr'>Brunckius.31a6pu</span> 
     </span>
     <span class='ocr_line' id='line_1_33' title="bbox 527 3202 1584 3282; baseline 0.003 -20"><span class='ocrx_word' id='word_1_145' title='bbox 527 3206 657 3263; x_wconf 75' lang='grc' dir='ltr'>νυνὶ</span> <span class='ocrx_word' id='word_1_146' title='bbox 678 3206 847 3282; x_wconf 77' lang='grc' dir='ltr'>μόλις</span> <span class='ocrx_word' id='word_1_147' title='bbox 863 3202 1038 3275; x_wconf 69' lang='grc' dir='ltr'><strong>’.Ηδη</strong></span> <span class='ocrx_word' id='word_1_148' title='bbox 1082 3204 1201 3262; x_wconf 89' lang='lat' dir='ltr'>Sed</span> <span class='ocrx_word' id='word_1_149' title='bbox 1222 3204 1449 3264; x_wconf 82' lang='lat' dir='ltr'>felicius</span> <span class='ocrx_word' id='word_1_150' title='bbox 1473 3206 1584 3265; x_wconf 85' lang='lat' dir='ltr'>hoc</span> 
     </span>
     <span class='ocr_line' id='line_1_34' title="bbox 527 3281 1583 3366; baseline 0 -22"><span class='ocrx_word' id='word_1_151' title='bbox 527 3284 912 3364; x_wconf 89' lang='lat' dir='ltr'>compositum</span> <span class='ocrx_word' id='word_1_152' title='bbox 951 3284 1201 3343; x_wconf 86' lang='lat' dir='ltr'>restituit</span> <span class='ocrx_word' id='word_1_153' title='bbox 1243 3281 1583 3366; x_wconf 68' lang='lat' dir='ltr'>[Kasterus]</span> 
     </span>
     <span class='ocr_line' id='line_1_35' title="bbox 525 3362 1584 3429; baseline -0.001 -1"><span class='ocrx_word' id='word_1_154' title='bbox 525 3362 1350 3429; x_wconf 76' lang='lat' dir='ltr'>Thesm.665.Praete1-ea</span> <span class='ocrx_word' id='word_1_155' title='bbox 1394 3380 1584 3427; x_wconf 90' lang='lat' dir='ltr'>metro</span> 
     </span>
     <span class='ocr_line' id='line_1_36' title="bbox 526 3446 1585 3528; baseline 0 -21"><span class='ocrx_word' id='word_1_156' title='bbox 526 3460 761 3508; x_wconf 85' lang='lat' dir='ltr'>coactus</span> <span class='ocrx_word' id='word_1_157' title='bbox 781 3446 980 3507; x_wconf 79' lang='grc' dir='ltr'><em>ἔσοδον</em></span> <span class='ocrx_word' id='word_1_158' title='bbox 1006 3448 1224 3519; x_wconf 85' lang='lat' dir='ltr'>scribit,</span> <span class='ocrx_word' id='word_1_159' title='bbox 1248 3447 1407 3528; x_wconf 88' lang='lat' dir='ltr'>quod</span> <span class='ocrx_word' id='word_1_160' title='bbox 1433 3468 1585 3508; x_wconf 89' lang='lat' dir='ltr'>nun-</span> 
     </span>
     <span class='ocr_line' id='line_1_37' title="bbox 526 3526 1588 3609; baseline 0.003 -22"><span class='ocrx_word' id='word_1_161' title='bbox 526 3549 703 3606; x_wconf 86' lang='lat' dir='ltr'>quam</span> <span class='ocrx_word' id='word_1_162' title='bbox 751 3528 909 3609; x_wconf 89' lang='lat' dir='ltr'>apud</span> <span class='ocrx_word' id='word_1_163' title='bbox 951 3526 1242 3600; x_wconf 84' lang='lat' dir='ltr'>Comicos,</span> <span class='ocrx_word' id='word_1_164' title='bbox 1286 3539 1351 3588; x_wconf 85' lang='lat' dir='ltr'>ut</span> <span class='ocrx_word' id='word_1_165' title='bbox 1396 3549 1588 3608; x_wconf 87' lang='lat' dir='ltr'>neque</span> 
     </span>
     <span class='ocr_line' id='line_1_38' title="bbox 526 3609 1589 3686; baseline 0.005 -21"><span class='ocrx_word' id='word_1_166' title='bbox 526 3609 837 3686; x_wconf 86' lang='lat' dir='ltr'>quicquam</span> <span class='ocrx_word' id='word_1_167' title='bbox 901 3609 1063 3670; x_wconf 87' lang='lat' dir='ltr'>aliud</span> <span class='ocrx_word' id='word_1_168' title='bbox 1130 3630 1341 3670; x_wconf 89' lang='lat' dir='ltr'>nomen</span> <span class='ocrx_word' id='word_1_169' title='bbox 1398 3613 1474 3670; x_wconf 89' lang='lat' dir='ltr'>ab</span> <span class='ocrx_word' id='word_1_170' title='bbox 1529 3611 1589 3679; x_wconf 74' lang='grc' dir='ltr'>ἐς</span> 
     </span>
     <span class='ocr_line' id='line_1_39' title="bbox 526 3690 1587 3770; baseline 0.005 -23"><span class='ocrx_word' id='word_1_171' title='bbox 526 3690 911 3766; x_wconf 84' lang='lat' dir='ltr'>compositum</span> <span class='ocrx_word' id='word_1_172' title='bbox 936 3691 1238 3770; x_wconf 88' lang='lat' dir='ltr'>reperitur.</span> <span class='ocrx_word' id='word_1_173' title='bbox 1272 3690 1587 3752; x_wconf 83' lang='lat' dir='ltr'>Rarissime</span> 
     </span>
     <span class='ocr_line' id='line_1_40' title="bbox 526 3770 1587 3843; baseline 0.003 -15"><span class='ocrx_word' id='word_1_174' title='bbox 526 3770 781 3840; x_wconf 84' lang='lat' dir='ltr'>omnino,</span> <span class='ocrx_word' id='word_1_175' title='bbox 801 3785 859 3827; x_wconf 87' lang='lat' dir='ltr'>et</span> <span class='ocrx_word' id='word_1_176' title='bbox 880 3791 1101 3843; x_wconf 77' lang='lat' dir='ltr'>vereor,</span> <span class='ocrx_word' id='word_1_177' title='bbox 1124 3792 1196 3831; x_wconf 89' lang='lat' dir='ltr'>ne</span> <span class='ocrx_word' id='word_1_178' title='bbox 1217 3771 1434 3831; x_wconf 85' lang='lat' dir='ltr'>inlocis</span> <span class='ocrx_word' id='word_1_179' title='bbox 1457 3787 1587 3831; x_wconf 84' lang='lat' dir='ltr'>tan-</span> 
     </span>
     <span class='ocr_line' id='line_1_41' title="bbox 534 3849 1586 3921; baseline 0.005 -13"><span class='ocrx_word' id='word_1_180' title='bbox 534 3862 660 3908; x_wconf 89' lang='lat' dir='ltr'>tum</span> <span class='ocrx_word' id='word_1_181' title='bbox 698 3849 1006 3921; x_wconf 85' lang='lat' dir='ltr'>mendosis,</span> <span class='ocrx_word' id='word_1_182' title='bbox 1057 3853 1116 3918; x_wconf 80' lang='grc' dir='ltr'>ἐς</span> <span class='ocrx_word' id='word_1_183' title='bbox 1142 3868 1277 3912; x_wconf 88' lang='lat' dir='ltr'>ante</span> <span class='ocrx_word' id='word_1_184' title='bbox 1325 3852 1586 3913; x_wconf 84' lang='lat' dir='ltr'>vocalem</span> 
     </span>
     <span class='ocr_line' id='line_1_42' title="bbox 527 3929 1588 4013; baseline 0.006 -25"><span class='ocrx_word' id='word_1_185' title='bbox 527 3943 830 4007; x_wconf 78' lang='lat' dir='ltr'>usurpant·</span> <span class='ocrx_word' id='word_1_186' title='bbox 915 3929 1000 3990; x_wconf 82' lang='lat' dir='ltr'>At</span> <span class='ocrx_word' id='word_1_187' title='bbox 1029 3935 1197 4005; x_wconf 75' lang='grc' dir='ltr'>μόλις</span> <span class='ocrx_word' id='word_1_188' title='bbox 1227 3937 1406 4011; x_wconf 74' lang='grc' dir='ltr'><strong>ἀθρῶ,</strong></span> <span class='ocrx_word' id='word_1_189' title='bbox 1434 3954 1588 4013; x_wconf 85' lang='lat' dir='ltr'>prae-</span> 
     </span>
     <span class='ocr_line' id='line_1_43' title="bbox 525 4010 1587 4093; baseline 0.003 -23"><span class='ocrx_word' id='word_1_190' title='bbox 525 4024 786 4088; x_wconf 83' lang='lat' dir='ltr'>terquam</span> <span class='ocrx_word' id='word_1_191' title='bbox 842 4010 1002 4089; x_wconf 91' lang='lat' dir='ltr'>quod</span> <span class='ocrx_word' id='word_1_192' title='bbox 1047 4012 1287 4072; x_wconf 84' lang='lat' dir='ltr'>licenter</span> <span class='ocrx_word' id='word_1_193' title='bbox 1335 4015 1587 4093; x_wconf 87' lang='lat' dir='ltr'>priorem</span> 
     </span>
     <span class='ocr_line' id='line_1_44' title="bbox 521 4091 1589 4174; baseline 0.004 -23"><span class='ocrx_word' id='word_1_194' title='bbox 521 4091 813 4171; x_wconf 87' lang='lat' dir='ltr'>producit,</span> <span class='ocrx_word' id='word_1_195' title='bbox 875 4112 1010 4151; x_wconf 89' lang='lat' dir='ltr'>cum</span> <span class='ocrx_word' id='word_1_196' title='bbox 1063 4092 1325 4152; x_wconf 75' lang='lat' dir='ltr'>Dawesio</span> <span class='ocrx_word' id='word_1_197' title='bbox 1379 4097 1589 4174; x_wconf 89' lang='lat' dir='ltr'>opinor</span> 
     </span>
     <span class='ocr_line' id='line_1_45' title="bbox 523 4172 1589 4267; baseline 0 -32"><span class='ocrx_word' id='word_1_198' title='bbox 523 4193 642 4235; x_wconf 86' lang='lat' dir='ltr'>non</span> <span class='ocrx_word' id='word_1_199' title='bbox 696 4172 811 4235; x_wconf 79' lang='lat' dir='ltr'>dici</span> <span class='ocrx_word' id='word_1_200' title='bbox 865 4193 1038 4253; x_wconf 85' lang='lat' dir='ltr'>posse</span> <span class='ocrx_word' id='word_1_201' title='bbox 1086 4193 1211 4267; x_wconf 63' lang='lat'><strong>1²¹9.</strong></span> <span class='ocrx_word' id='word_1_202' title='bbox 1233 4177 1406 4253; x_wconf 78' lang='grc' dir='ltr'>μόλις</span> <span class='ocrx_word' id='word_1_203' title='bbox 1454 4178 1589 4253; x_wconf 71' lang='grc' dir='ltr'><strong>ὀρᾶ.</strong></span> 
     </span>
     <span class='ocr_line' id='line_1_46' title="bbox 525 4252 1587 4334; baseline 0.002 -21"><span class='ocrx_word' id='word_1_204' title='bbox 525 4252 712 4331; x_wconf 71' lang='grc' dir='ltr'><strong><em>[ἀθρῶ</em></strong></span> <span class='ocrx_word' id='word_1_205' title='bbox 744 4275 877 4314; x_wconf 89' lang='lat' dir='ltr'>cum</span> <span class='ocrx_word' id='word_1_206' title='bbox 906 4253 1262 4334; x_wconf 82' lang='lat' dir='ltr'>compositis,</span> <span class='ocrx_word' id='word_1_207' title='bbox 1290 4269 1351 4313; x_wconf 89' lang='lat' dir='ltr'>et</span> <span class='ocrx_word' id='word_1_208' title='bbox 1377 4255 1587 4315; x_wconf 80' lang='lat' dir='ltr'>similia</span> 
     </span>
     <span class='ocr_line' id='line_1_47' title="bbox 524 4335 1586 4413; baseline 0.005 -23"><span class='ocrx_word' id='word_1_209' title='bbox 524 4336 624 4392; x_wconf 83' lang='lat' dir='ltr'>vix</span> <span class='ocrx_word' id='word_1_210' title='bbox 673 4353 931 4413; x_wconf 87' lang='lat' dir='ltr'>unquam</span> <span class='ocrx_word' id='word_1_211' title='bbox 979 4335 1378 4412; x_wconf 88' lang='lat' dir='ltr'>producuntur</span> <span class='ocrx_word' id='word_1_212' title='bbox 1425 4336 1586 4413; x_wconf 88' lang='lat' dir='ltr'>apud</span> 
     </span>
     <span class='ocr_line' id='line_1_48' title="bbox 522 4412 1581 4475; baseline 0.005 -6"><span class='ocrx_word' id='word_1_213' title='bbox 522 4412 818 4473; x_wconf 78' lang='lat' dir='ltr'>Comicos.</span> <span class='ocrx_word' id='word_1_214' title='bbox 845 4416 922 4473; x_wconf 81' lang='lat' dir='ltr'>R.</span> <span class='ocrx_word' id='word_1_215' title='bbox 945 4416 1019 4475; x_wconf 90' lang='lat' dir='ltr'>B.</span> <span class='ocrx_word' id='word_1_216' title='bbox 1061 4415 1356 4475; x_wconf 64' lang='lat' dir='ltr'>Kartera</span> <span class='ocrx_word' id='word_1_217' title='bbox 1337 4435 1394 4473; x_wconf 80' lang='lat' dir='ltr'>m</span> <span class='ocrx_word' id='word_1_218' title='bbox 1423 4415 1581 4474; x_wconf 70' lang='lat' dir='ltr'>Mus.</span> 
     </span>
     <span class='ocr_line' id='line_1_49' title="bbox 526 4488 1581 4576; baseline 0.005 -27"><span class='ocrx_word' id='word_1_219' title='bbox 526 4493 669 4549; x_wconf 74' lang='lat' dir='ltr'>Crit.</span> <span class='ocrx_word' id='word_1_220' title='bbox 728 4492 830 4552; x_wconf 93' lang='lat' dir='ltr'>N.</span> <span class='ocrx_word' id='word_1_221' title='bbox 878 4515 982 4566; x_wconf 83' lang='lat' dir='ltr'>vu,</span> <span class='ocrx_word' id='word_1_222' title='bbox 1045 4517 1103 4576; x_wconf 90' lang='lat' dir='ltr'>p.</span> <span class='ocrx_word' id='word_1_223' title='bbox 1153 4488 1323 4573; x_wconf 73' lang='grc'><strong>435]</strong></span> <span class='ocrx_word' id='word_1_224' title='bbox 1403 4494 1581 4554; x_wconf 73' lang='lat' dir='ltr'>Bent-</span> 
     </span>
    </p>
   </div>
   <div class='ocr_carea' id='block_1_21' title="bbox 1351 2112 2407 2215">
    <p class='ocr_par' dir='ltr' id='par_1_21' title="bbox 1351 2112 2407 2215">
     <span class='ocr_line' id='line_1_50' title="bbox 1351 2112 2407 2215; baseline -0.003 -28"><span class='ocrx_word' id='word_1_225' title='bbox 1351 2116 1497 2198; x_wconf 63' lang='lat' dir='ltr'>HS„</span> <span class='ocrx_word' id='word_1_226' title='bbox 1533 2112 1667 2215; x_wconf 73' lang='grc' dir='ltr'>ὃρω</span> <span class='ocrx_word' id='word_1_227' title='bbox 1704 2150 1822 2189; x_wconf 82' lang='grc' dir='ltr'>νυν</span> <span class='ocrx_word' id='word_1_228' title='bbox 1854 2120 2051 2204; x_wconf 76' lang='grc' dir='ltr'>μολις</span> <span class='ocrx_word' id='word_1_229' title='bbox 2083 2146 2285 2195; x_wconf 78' lang='lat' dir='ltr'>aurae</span> <span class='ocrx_word' id='word_1_230' title='bbox 2307 2112 2407 2184; x_wconf 71' lang='lat'><strong>³⁰⁹.</strong></span> 
     </span>
    </p>
   </div>
   <div class='ocr_carea' id='block_1_22' title="bbox 1679 2313 2769 2718">
    <p class='ocr_par' dir='ltr' id='par_1_22' title="bbox 1679 2313 2769 2718">
     <span class='ocr_line' id='line_1_51' title="bbox 1681 2313 2765 2417; baseline -0.005 -40"><span class='ocrx_word' id='word_1_231' title='bbox 1681 2315 1825 2377; x_wconf 74' lang='lat' dir='ltr'>leius</span> <span class='ocrx_word' id='word_1_232' title='bbox 1851 2328 2053 2375; x_wconf 89' lang='lat' dir='ltr'>contra</span> <span class='ocrx_word' id='word_1_233' title='bbox 2080 2326 2361 2417; x_wconf 87' lang='lat' dir='ltr'>tempora,</span> <span class='ocrx_word' id='word_1_234' title='bbox 2388 2313 2437 2372; x_wconf 88' lang='lat' dir='ltr'>si</span> <span class='ocrx_word' id='word_1_235' title='bbox 2460 2332 2583 2373; x_wconf 88' lang='lat' dir='ltr'>non</span> <span class='ocrx_word' id='word_1_236' title='bbox 2610 2332 2765 2372; x_wconf 83' lang='lat' dir='ltr'>con-</span> 
     </span>
     <span class='ocr_line' id='line_1_52' title="bbox 1680 2393 2769 2475; baseline -0.005 -17"><span class='ocrx_word' id='word_1_237' title='bbox 1680 2411 1771 2459; x_wconf 91' lang='lat' dir='ltr'>tra</span> <span class='ocrx_word' id='word_1_238' title='bbox 1793 2408 2059 2469; x_wconf 86' lang='lat' dir='ltr'>metrum,</span> <span class='ocrx_word' id='word_1_239' title='bbox 2090 2394 2298 2475; x_wconf 72' lang='grc' dir='ltr'><strong>ἑώρων.</strong></span> <span class='ocrx_word' id='word_1_240' title='bbox 2380 2393 2549 2460; x_wconf 85' lang='lat' dir='ltr'>Quid</span> <span class='ocrx_word' id='word_1_241' title='bbox 2576 2394 2769 2473; x_wconf 77' lang='lat' dir='ltr'>igitur</span> 
     </span>
     <span class='ocr_line' id='line_1_53' title="bbox 1679 2473 2763 2540; baseline -0.006 -1"><span class='ocrx_word' id='word_1_242' title='bbox 1679 2481 1794 2540; x_wconf 86' lang='lat' dir='ltr'>hoc</span> <span class='ocrx_word' id='word_1_243' title='bbox 1855 2498 2030 2537; x_wconf 82' lang='lat' dir='ltr'>versu</span> <span class='ocrx_word' id='word_1_244' title='bbox 2084 2477 2411 2537; x_wconf 84' lang='lat' dir='ltr'>faciendum</span> <span class='ocrx_word' id='word_1_245' title='bbox 2434 2473 2461 2532; x_wconf 66' lang='grc' dir='ltr'><em>ἲ</em></span> <span class='ocrx_word' id='word_1_246' title='bbox 2547 2474 2763 2534; x_wconf 84' lang='lat' dir='ltr'>Primo</span> 
     </span>
     <span class='ocr_line' id='line_1_54' title="bbox 1685 2556 2761 2620; baseline -0.006 0"><span class='ocrx_word' id='word_1_247' title='bbox 1685 2560 1871 2620; x_wconf 81' lang='lat' dir='ltr'>varias</span> <span class='ocrx_word' id='word_1_248' title='bbox 1893 2559 2174 2618; x_wconf 89' lang='lat' dir='ltr'>lectiones</span> <span class='ocrx_word' id='word_1_249' title='bbox 2195 2557 2518 2617; x_wconf 83' lang='lat' dir='ltr'>videamus.</span> <span class='ocrx_word' id='word_1_250' title='bbox 2583 2556 2761 2615; x_wconf 72' lang='lat' dir='ltr'>Olim</span> 
     </span>
     <span class='ocr_line' id='line_1_55' title="bbox 1683 2636 2763 2718; baseline -0.006 -18"><span class='ocrx_word' id='word_1_251' title='bbox 1683 2641 1937 2718; x_wconf 76' lang='lat' dir='ltr'>vulgatae</span> <span class='ocrx_word' id='word_1_252' title='bbox 1965 2639 2266 2708; x_wconf 83' lang='lat' dir='ltr'>editiones,</span> <span class='ocrx_word' id='word_1_253' title='bbox 2309 2636 2417 2709; x_wconf 77' lang='grc' dir='ltr'>ἤδη</span> <span class='ocrx_word' id='word_1_254' title='bbox 2446 2645 2552 2696; x_wconf 74' lang='grc' dir='ltr'>νῦν</span> <span class='ocrx_word' id='word_1_255' title='bbox 2582 2641 2763 2715; x_wconf 75' lang='grc' dir='ltr'>μόλις</span> 
     </span>
    </p>
   </div>
   <div class='ocr_carea' id='block_1_23' title="bbox 1664 2719 2762 2799">
    <p class='ocr_par' dir='ltr' id='par_1_23' title="bbox 1664 2719 2762 2799">
     <span class='ocr_line' id='line_1_56' title="bbox 1664 2719 2762 2799; baseline -0.003 -19"><span class='ocrx_word' id='word_1_256' title='bbox 1664 2724 1821 2799; x_wconf 57' lang='grc' dir='ltr'><strong>ὁρῶ.</strong></span> <span class='ocrx_word' id='word_1_257' title='bbox 1866 2719 2047 2779; x_wconf 91' lang='lat' dir='ltr'><strong>MSS.</strong></span> <span class='ocrx_word' id='word_1_258' title='bbox 2091 2720 2331 2798; x_wconf 86' lang='lat' dir='ltr'>quidam</span> <span class='ocrx_word' id='word_1_259' title='bbox 2370 2739 2480 2799; x_wconf 91' lang='lat' dir='ltr'>pro</span> <span class='ocrx_word' id='word_1_260' title='bbox 2512 2726 2621 2777; x_wconf 72' lang='grc' dir='ltr'>νῦν</span> <span class='ocrx_word' id='word_1_261' title='bbox 2650 2719 2762 2777; x_wconf 70' lang='lat' dir='ltr'>ba-</span> 
     </span>
    </p>
   </div>
   <div class='ocr_carea' id='block_1_24' title="bbox 1682 2800 2763 4575">
    <p class='ocr_par' dir='ltr' id='par_1_24' title="bbox 1682 2800 2763 4575">
     <span class='ocr_line' id='line_1_57' title="bbox 1688 2800 2763 2877; baseline -0.003 -15"><span class='ocrx_word' id='word_1_262' title='bbox 1688 2803 1828 2862; x_wconf 83' lang='lat' dir='ltr'>bent</span> <span class='ocrx_word' id='word_1_263' title='bbox 1861 2807 1963 2860; x_wconf 75' lang='grc' dir='ltr'>νῦν</span> <span class='ocrx_word' id='word_1_264' title='bbox 1991 2804 2102 2872; x_wconf 75' lang='grc' dir='ltr'>καὶ,</span> <span class='ocrx_word' id='word_1_265' title='bbox 2131 2801 2228 2862; x_wconf 80' lang='lat' dir='ltr'>alii</span> <span class='ocrx_word' id='word_1_266' title='bbox 2259 2801 2407 2869; x_wconf 79' lang='grc' dir='ltr'><strong>νυνὶ,</strong></span> <span class='ocrx_word' id='word_1_267' title='bbox 2450 2800 2511 2858; x_wconf 82' lang='lat' dir='ltr'>in</span> <span class='ocrx_word' id='word_1_268' title='bbox 2536 2800 2763 2877; x_wconf 67' lang='lat' dir='ltr'>quibu·</span> 
     </span>
     <span class='ocr_line' id='line_1_58' title="bbox 1686 2881 2763 2961; baseline -0.005 -18"><span class='ocrx_word' id='word_1_269' title='bbox 1686 2896 1954 2961; x_wconf 87' lang='lat' dir='ltr'>quatuor,</span> <span class='ocrx_word' id='word_1_270' title='bbox 1977 2902 2125 2960; x_wconf 85' lang='lat' dir='ltr'>quos</span> <span class='ocrx_word' id='word_1_271' title='bbox 2147 2882 2272 2961; x_wconf 82' lang='lat' dir='ltr'>ipse</span> <span class='ocrx_word' id='word_1_272' title='bbox 2300 2881 2564 2960; x_wconf 85' lang='lat' dir='ltr'>inspexi,</span> <span class='ocrx_word' id='word_1_273' title='bbox 2548 2902 2562 2916; x_wconf 91' lang='lat'><strong>·</strong></span> <span class='ocrx_word' id='word_1_274' title='bbox 2593 2884 2763 2958; x_wconf 74' lang='grc' dir='ltr'>α’θρό</span> 
     </span>
     <span class='ocr_line' id='line_1_59' title="bbox 1730 2963 2762 3041; baseline -0.004 -18"><span class='ocrx_word' id='word_1_275' title='bbox 1730 2985 1797 3024; x_wconf 87' lang='lat' dir='ltr'>ro</span> <span class='ocrx_word' id='word_1_276' title='bbox 1840 2987 1950 3041; x_wconf 84' lang='grc' dir='ltr'>ορω</span> <span class='ocrx_word' id='word_1_277' title='bbox 1998 2963 2198 3033; x_wconf 77' lang='lat' dir='ltr'>multi3</span> <span class='ocrx_word' id='word_1_278' title='bbox 2244 2974 2495 3040; x_wconf 86' lang='lat' dir='ltr'>utroque</span> <span class='ocrx_word' id='word_1_279' title='bbox 2533 2981 2762 3020; x_wconf 67' lang='lat' dir='ltr'>omisso</span> 
     </span>
     <span class='ocr_line' id='line_1_60' title="bbox 1686 2965 2761 3122; baseline -0.005 -18"><span class='ocrx_word' id='word_1_280' title='bbox 1686 2965 2016 3115; x_wconf 48' lang='lat' dir='ltr'>Ravenna&amp;</span> <span class='ocrx_word' id='word_1_281' title='bbox 2060 3043 2166 3115; x_wconf 79' lang='grc' dir='ltr'>ἤδη</span> <span class='ocrx_word' id='word_1_282' title='bbox 2198 3068 2324 3103; x_wconf 77' lang='grc' dir='ltr'>νυνι</span> <span class='ocrx_word' id='word_1_283' title='bbox 2354 3045 2523 3122; x_wconf 77' lang='grc' dir='ltr'>μόλις</span> <span class='ocrx_word' id='word_1_284' title='bbox 2550 3043 2761 3109; x_wconf 70' lang='lat' dir='ltr'>uiri-de.</span> 
     </span>
     <span class='ocr_line' id='line_1_61' title="bbox 1684 3123 2757 3203; baseline -0.001 -19"><span class='ocrx_word' id='word_1_285' title='bbox 1684 3124 1995 3203; x_wconf 88' lang='lat' dir='ltr'>Equidem,</span> <span class='ocrx_word' id='word_1_286' title='bbox 2058 3125 2109 3184; x_wconf 82' lang='lat' dir='ltr'>si</span> <span class='ocrx_word' id='word_1_287' title='bbox 2172 3125 2303 3203; x_wconf 84' lang='lat' dir='ltr'>quis</span> <span class='ocrx_word' id='word_1_288' title='bbox 2352 3144 2431 3183; x_wconf 85' lang='lat' dir='ltr'>ex</span> <span class='ocrx_word' id='word_1_289' title='bbox 2484 3123 2757 3183; x_wconf 69' lang='lat' dir='ltr'>discen-u</span> 
     </span>
     <span class='ocr_line' id='line_1_62' title="bbox 1685 3203 2755 3284; baseline -0.002 -19"><span class='ocrx_word' id='word_1_290' title='bbox 1685 3204 1971 3265; x_wconf 90' lang='lat' dir='ltr'>Codicum</span> <span class='ocrx_word' id='word_1_291' title='bbox 1991 3222 2218 3284; x_wconf 74' lang='lat' dir='ltr'>arguat,</span> <span class='ocrx_word' id='word_1_292' title='bbox 2248 3204 2403 3264; x_wconf 84' lang='lat' dir='ltr'>hunc</span> <span class='ocrx_word' id='word_1_293' title='bbox 2420 3203 2755 3283; x_wconf 69' lang='lat' dir='ltr'>locumjam</span> 
     </span>
     <span class='ocr_line' id='line_1_63' title="bbox 1682 3284 2755 3365; baseline -0.002 -19"><span class='ocrx_word' id='word_1_294' title='bbox 1682 3299 1815 3346; x_wconf 83' lang='lat' dir='ltr'>ante</span> <span class='ocrx_word' id='word_1_295' title='bbox 1837 3307 2040 3345; x_wconf 86' lang='lat' dir='ltr'>eorum</span> <span class='ocrx_word' id='word_1_296' title='bbox 2061 3299 2297 3346; x_wconf 80' lang='lat' dir='ltr'>aetatem</span> <span class='ocrx_word' id='word_1_297' title='bbox 2326 3284 2485 3345; x_wconf 80' lang='lat' dir='ltr'>soede</span> <span class='ocrx_word' id='word_1_298' title='bbox 2506 3305 2755 3365; x_wconf 81' lang='lat' dir='ltr'>eorrup-</span> 
     </span>
     <span class='ocr_line' id='line_1_64' title="bbox 1684 3366 2757 3445; baseline 0 -20"><span class='ocrx_word' id='word_1_299' title='bbox 1684 3379 1809 3426; x_wconf 89' lang='lat' dir='ltr'>tum</span> <span class='ocrx_word' id='word_1_300' title='bbox 1838 3367 2019 3426; x_wconf 79' lang='lat' dir='ltr'>fuisse</span> <span class='ocrx_word' id='word_1_301' title='bbox 2053 3382 2115 3426; x_wconf 91' lang='lat' dir='ltr'>et</span> <span class='ocrx_word' id='word_1_302' title='bbox 2141 3368 2444 3427; x_wconf 82' lang='lat' dir='ltr'>veritatem</span> <span class='ocrx_word' id='word_1_303' title='bbox 2485 3366 2545 3425; x_wconf 89' lang='lat' dir='ltr'>in</span> <span class='ocrx_word' id='word_1_304' title='bbox 2572 3380 2757 3445; x_wconf 79' lang='lat' dir='ltr'>puteo</span> 
     </span>
     <span class='ocr_line' id='line_1_65' title="bbox 1683 3446 2751 3525; baseline -0.001 -19"><span class='ocrx_word' id='word_1_305' title='bbox 1683 3446 1880 3519; x_wconf 87' lang='lat' dir='ltr'>latere,</span> <span class='ocrx_word' id='word_1_306' title='bbox 1940 3468 2056 3507; x_wconf 90' lang='lat' dir='ltr'>non</span> <span class='ocrx_word' id='word_1_307' title='bbox 2100 3449 2470 3508; x_wconf 81' lang='lat' dir='ltr'>vehementer</span> <span class='ocrx_word' id='word_1_308' title='bbox 2516 3467 2751 3525; x_wconf 78' lang='lat' dir='ltr'>negem.</span> 
     </span>
     <span class='ocr_line' id='line_1_66' title="bbox 1687 3528 2755 3607; baseline 0 -20"><span class='ocrx_word' id='word_1_309' title='bbox 1687 3528 1790 3588; x_wconf 89' lang='lat' dir='ltr'>Sin</span> <span class='ocrx_word' id='word_1_310' title='bbox 1823 3530 1955 3607; x_wconf 86' lang='lat' dir='ltr'>quis</span> <span class='ocrx_word' id='word_1_311' title='bbox 1999 3551 2032 3588; x_wconf 93' lang='lat' dir='ltr'>e</span> <span class='ocrx_word' id='word_1_312' title='bbox 2074 3528 2255 3587; x_wconf 91' lang='lat' dir='ltr'><strong>MSS.</strong></span> <span class='ocrx_word' id='word_1_313' title='bbox 2299 3528 2561 3607; x_wconf 83' lang='lat' dir='ltr'>vestigiis</span> <span class='ocrx_word' id='word_1_314' title='bbox 2607 3528 2755 3606; x_wconf 87' lang='lat' dir='ltr'>quid</span> 
     </span>
     <span class='ocr_line' id='line_1_67' title="bbox 1687 3609 2756 3687; baseline 0 -19"><span class='ocrx_word' id='word_1_315' title='bbox 1687 3609 2030 3669; x_wconf 87' lang='lat' dir='ltr'>eliciendum</span> <span class='ocrx_word' id='word_1_316' title='bbox 2052 3629 2338 3679; x_wconf 88' lang='lat' dir='ltr'>censeam,</span> <span class='ocrx_word' id='word_1_317' title='bbox 2360 3609 2639 3687; x_wconf 80' lang='lat' dir='ltr'>requirat,</span> <span class='ocrx_word' id='word_1_318' title='bbox 2662 3629 2756 3668; x_wconf 83' lang='lat' dir='ltr'>re-</span> 
     </span>
     <span class='ocr_line' id='line_1_68' title="bbox 1687 3689 2754 3769; baseline 0.001 -21"><span class='ocrx_word' id='word_1_319' title='bbox 1687 3692 2008 3769; x_wconf 83' lang='lat' dir='ltr'>spondebo,</span> <span class='ocrx_word' id='word_1_320' title='bbox 2050 3711 2146 3749; x_wconf 91' lang='lat' dir='ltr'>me</span> <span class='ocrx_word' id='word_1_321' title='bbox 2189 3703 2370 3750; x_wconf 87' lang='lat' dir='ltr'>totam</span> <span class='ocrx_word' id='word_1_322' title='bbox 2411 3689 2754 3749; x_wconf 64' lang='lat' dir='ltr'>senteutiam</span> 
     </span>
     <span class='ocr_line' id='line_1_69' title="bbox 1688 3768 2752 3847; baseline 0 -18"><span class='ocrx_word' id='word_1_323' title='bbox 1688 3771 1915 3831; x_wconf 83' lang='lat' dir='ltr'>Socrati</span> <span class='ocrx_word' id='word_1_324' title='bbox 1933 3772 2270 3831; x_wconf 84' lang='lat' dir='ltr'>continuare</span> <span class='ocrx_word' id='word_1_325' title='bbox 2288 3769 2458 3830; x_wconf 84' lang='lat' dir='ltr'>malle</span> <span class='ocrx_word' id='word_1_326' title='bbox 2469 3786 2527 3828; x_wconf 88' lang='lat' dir='ltr'>et</span> <span class='ocrx_word' id='word_1_327' title='bbox 2539 3768 2752 3847; x_wconf 78' lang='lat' dir='ltr'>legere,</span> 
     </span>
     <span class='ocr_line' id='line_1_70' title="bbox 1690 3847 2753 3930; baseline -0.002 -20"><span class='ocrx_word' id='word_1_328' title='bbox 1690 3857 1809 3910; x_wconf 82' lang='grc' dir='ltr'><strong>ΣΩ.</strong></span> <span class='ocrx_word' id='word_1_329' title='bbox 1838 3855 1981 3911; x_wconf 78' lang='grc' dir='ltr'>Νυνὶ</span> <span class='ocrx_word' id='word_1_330' title='bbox 2007 3853 2147 3930; x_wconf 80' lang='grc' dir='ltr'>μάλ’</span> <span class='ocrx_word' id='word_1_331' title='bbox 2173 3856 2371 3930; x_wconf 61' lang='lat' dir='ltr'>«iopam</span> <span class='ocrx_word' id='word_1_332' title='bbox 2392 3847 2579 3924; x_wconf 74' lang='grc' dir='ltr'>βλέπε</span> <span class='ocrx_word' id='word_1_333' title='bbox 2610 3850 2753 3927; x_wconf 73' lang='grc' dir='ltr'>πρὸς</span> 
     </span>
     <span class='ocr_line' id='line_1_71' title="bbox 1690 3930 2745 4007; baseline -0.004 -16"><span class='ocrx_word' id='word_1_334' title='bbox 1690 3936 1795 4003; x_wconf 75' lang='grc' dir='ltr'>τὴν</span> <span class='ocrx_word' id='word_1_335' title='bbox 1823 3933 2050 3993; x_wconf 70' lang='grc' dir='ltr'>εἴσοδον</span> <span class='ocrx_word' id='word_1_336' title='bbox 2076 3931 2200 4005; x_wconf 79' lang='grc' dir='ltr'><strong>ἤδη.</strong></span> <span class='ocrx_word' id='word_1_337' title='bbox 2286 3938 2410 3990; x_wconf 84' lang='grc' dir='ltr'>Νῦν</span> <span class='ocrx_word' id='word_1_338' title='bbox 2433 3936 2503 4007; x_wconf 83' lang='grc' dir='ltr'>γέ</span> <span class='ocrx_word' id='word_1_339' title='bbox 2530 3955 2614 3990; x_wconf 74' lang='lat' dir='ltr'>roc</span> <span class='ocrx_word' id='word_1_340' title='bbox 2642 3930 2745 4001; x_wconf 67' lang='grc' dir='ltr'>ἤδη</span> 
     </span>
     <span class='ocr_line' id='line_1_72' title="bbox 1691 4012 2751 4091; baseline -0.001 -19"><span class='ocrx_word' id='word_1_341' title='bbox 1691 4018 1938 4091; x_wconf 77' lang='grc' dir='ltr'>καθορᾶς</span> <span class='ocrx_word' id='word_1_342' title='bbox 1985 4013 2338 4081; x_wconf 72' lang='grc' dir='ltr'>αὑτὰς-10</span> <span class='ocrx_word' id='word_1_343' title='bbox 2386 4033 2506 4091; x_wconf 89' lang='lat' dir='ltr'>quo</span> <span class='ocrx_word' id='word_1_344' title='bbox 2553 4012 2751 4072; x_wconf 69' lang='lat' dir='ltr'>addidi</span> 
     </span>
     <span class='ocr_line' id='line_1_73' title="bbox 1686 4091 2750 4170; baseline -0.001 -17"><span class='ocrx_word' id='word_1_345' title='bbox 1686 4092 1869 4168; x_wconf 76' lang='grc' dir='ltr'>βλέπε</span> <span class='ocrx_word' id='word_1_346' title='bbox 1899 4115 1933 4154; x_wconf 84' lang='lat' dir='ltr'>e</span> <span class='ocrx_word' id='word_1_347' title='bbox 1960 4096 2438 4154; x_wconf 72' lang='lat' dir='ltr'><strong>v.39.2.13).e&#39;n</strong></span> <span class='ocrx_word' id='word_1_348' title='bbox 2464 4101 2571 4154; x_wconf 77' lang='grc' dir='ltr'>νῦν</span> <span class='ocrx_word' id='word_1_349' title='bbox 2600 4091 2750 4170; x_wconf 69' lang='grc' dir='ltr'><strong><em>δευρὶ</em></strong></span> 
     </span>
     <span class='ocr_line' id='line_1_74' title="bbox 1688 4173 2754 4255; baseline 0 -22"><span class='ocrx_word' id='word_1_350' title='bbox 1688 4176 1831 4252; x_wconf 72' lang='grc' dir='ltr'>πρὸς</span> <span class='ocrx_word' id='word_1_351' title='bbox 1875 4177 1980 4246; x_wconf 74' lang='grc' dir='ltr'>τὴν</span> <span class='ocrx_word' id='word_1_352' title='bbox 2027 4177 2329 4255; x_wconf 76' lang='grc' dir='ltr'><strong>Πάρνηθα.</strong></span> <span class='ocrx_word' id='word_1_353' title='bbox 2431 4173 2616 4234; x_wconf 73' lang='lat' dir='ltr'>Jocus</span> <span class='ocrx_word' id='word_1_354' title='bbox 2665 4187 2754 4233; x_wconf 68' lang='lat' dir='ltr'>est</span> 
     </span>
     <span class='ocr_line' id='line_1_75' title="bbox 1689 4254 2747 4335; baseline 0 -21"><span class='ocrx_word' id='word_1_355' title='bbox 1689 4254 1943 4315; x_wconf 81' lang='lat' dir='ltr'>Cornicis</span> <span class='ocrx_word' id='word_1_356' title='bbox 1972 4257 2224 4335; x_wconf 79' lang='lat' dir='ltr'>antiquis</span> <span class='ocrx_word' id='word_1_357' title='bbox 2252 4256 2526 4325; x_wconf 79' lang='lat' dir='ltr'>solennis,</span> <span class='ocrx_word' id='word_1_358' title='bbox 2555 4269 2623 4314; x_wconf 88' lang='lat' dir='ltr'>ut</span> <span class='ocrx_word' id='word_1_359' title='bbox 2654 4275 2747 4314; x_wconf 82' lang='lat' dir='ltr'>ac·</span> 
     </span>
     <span class='ocr_line' id='line_1_76' title="bbox 1688 4334 2752 4415; baseline -0.002 -21"><span class='ocrx_word' id='word_1_360' title='bbox 1688 4348 1872 4395; x_wconf 89' lang='lat' dir='ltr'>torem</span> <span class='ocrx_word' id='word_1_361' title='bbox 1909 4357 2175 4414; x_wconf 83' lang='lat' dir='ltr'>personae</span> <span class='ocrx_word' id='word_1_362' title='bbox 2203 4357 2378 4415; x_wconf 77' lang='lat' dir='ltr'>quam</span> <span class='ocrx_word' id='word_1_363' title='bbox 2420 4337 2560 4414; x_wconf 77' lang='lat' dir='ltr'>agit,</span> <span class='ocrx_word' id='word_1_364' title='bbox 2602 4334 2752 4395; x_wconf 85' lang='lat' dir='ltr'>obli·-</span> 
     </span>
     <span class='ocr_line' id='line_1_77' title="bbox 1685 4416 2747 4487; baseline 0 -13"><span class='ocrx_word' id='word_1_365' title='bbox 1685 4417 1828 4475; x_wconf 82' lang='lat' dir='ltr'>visci</span> <span class='ocrx_word' id='word_1_366' title='bbox 1873 4416 2103 4487; x_wconf 80' lang='lat' dir='ltr'>faciant,</span> <span class='ocrx_word' id='word_1_367' title='bbox 2145 4432 2205 4477; x_wconf 88' lang='lat' dir='ltr'>et</span> <span class='ocrx_word' id='word_1_368' title='bbox 2253 4417 2328 4477; x_wconf 91' lang='lat' dir='ltr'>de</span> <span class='ocrx_word' id='word_1_369' title='bbox 2372 4416 2601 4476; x_wconf 75' lang='lat' dir='ltr'>theatro</span> <span class='ocrx_word' id='word_1_370' title='bbox 2644 4430 2747 4476; x_wconf 79' lang='lat' dir='ltr'>aut</span> 
     </span>
     <span class='ocr_line' id='line_1_78' title="bbox 1684 4495 2746 4575; baseline 0 -22"><span class='ocrx_word' id='word_1_371' title='bbox 1684 4497 2130 4573; x_wconf 75' lang='lat' dir='ltr'>spectatoribus,</span> <span class='ocrx_word' id='word_1_372' title='bbox 2184 4496 2351 4575; x_wconf 79' lang='lat' dir='ltr'>quasi</span> <span class='ocrx_word' id='word_1_373' title='bbox 2406 4495 2746 4574; x_wconf 79' lang='lat' dir='ltr'>impruden</span> 
     </span>
    </p>
   </div>
  </div>
 </body>
</html>
