3032 4898
1477 543 1484 552 .
1518 445 1665 513 242

267 655 449 706 sacr.
494 642 836 711 utentem
891 635 1314 710 Vundmzius
1347 634 1928 733 pronunciasse;
1980 633 2128 708 hoc
2172 641 2432 708 autem
2466 642 2691 707 vocat

331 722 416 769 Ν·
493 736 861 834 aspirare.
994 736 1193 810 Cum
1244 735 1432 809 adeo
1511 735 1753 808 literoe
1829 732 1994 806 Van
2058 733 2347 831 duplex
2413 735 2697 806 inesset

494 834 840 931 qualitaS,
872 835 1110 908 altera
1129 859 1305 908 cum
1337 834 1565 909 variis
1590 833 1855 932 figuris
1882 840 2257 929 quatenus
2278 841 2480 908 esset
2513 855 2692 905 con-

493 956 766 1007 sonans
824 933 1269 1019 eommunis,
1318 933 1558 1007 altera
1608 931 2038 1032 peculiariS,
2104 941 2483 1028 quatenus
2535 930 2696 1004 sola

494 1055 591 1107 ex
675 1031 1253 1106 consonantium
1330 1055 1646 1105 numero
1732 1030 2141 1129 adspiratio
2210 1030 2477 1105 itidem
2543 1028 2697 1102 dici

493 1139 755 1227 posset
784 1156 804 1214 ;
862 1130 1147 1205 Graeeis
1179 1141 1583 1230 propterea
1616 1153 1758 1229 pro
1793 1153 1932 1204 sua
1956 1130 2256 1227 ακριβειᾳ
2292 1129 2542 1206 visum
2575 1137 2695 1201 est

494 1251 591 1303 ex
640 1228 1004 1325 peculiari
1038 1232 1297 1327 potius
1341 1252 1571 1327 quam
1617 1228 1999 1305 communi
2033 1228 2398 1324 qualitate
2431 1227 2692 1300 sedem

494 1326 1170 1402 determinantibus
1230 1351 1398 1401 eam
1443 1328 2023 1402 consonantium
2075 1327 2296 1401 seriei
2331 1349 2482 1400 non
2525 1323 2690 1419 jam

493 1425 846 1512 inserere,
895 1428 1028 1500 sed
1061 1426 1369 1501 alterius
1415 1426 1948 1525 adspirationis
2000 1425 2227 1499 modo
2285 1424 2693 1522 superscri-

492 1524 673 1598 bere
698 1530 769 1618 †.
876 1525 1258 1599 Caeterum
1302 1549 1396 1600 ex
1455 1526 1952 1600 Ciceroniana
1988 1525 2236 1598 Graeci
2279 1524 2497 1598 testis
2530 1522 2695 1595 irri-

494 1622 709 1695 sione
743 1622 948 1695 aliud
972 1624 1204 1698 etiam
1227 1623 1308 1696 in
1340 1633 1778 1699 transcursu
1806 1627 2207 1698 observare
2237 1632 2375 1707 est,
2416 1644 2693 1718 nempe

492 1743 722 1816 quam
770 1719 1050 1795 frustra
1093 1721 1379 1796 fuerint
1432 1723 1513 1810 ii,
1568 1723 1649 1795 in
1698 1725 1975 1821 quibus
2009 1721 2244 1797 etiam
2288 1721 2694 1795 Salmasius

491 1841 769 1892 nomen
826 1819 1229 1918 profitetur
1272 1843 1519 1907 suum,
1570 1822 1701 1917 qui
1745 1822 2191 1896 Latinorum
2238 1822 2295 1894 F
2350 1832 2430 1895 et
2487 1822 2692 1893 Grae-

493 1938 759 1991 eorum
789 1923 850 1987 Φ
888 1919 1205 1994 eandem
1253 1917 1487 1994 fuisse
1524 1930 1984 2016 potestatem
2014 1921 2416 1995 voluerint.
2521 1918 2693 1992 Hoc

492 2013 759 2108 utique
791 2013 856 2086 si
890 2037 1012 2088 res
1045 2016 1341 2102 fuisset,
1383 2018 1756 2093 Fundanii
1788 2042 2066 2094 nomen
2099 2019 2389 2093 homini
2425 2018 2695 2091 Graeco

490 2110 730 2185 nihilo
760 2113 1003 2209 magis
1055 2138 1285 2211 quam
1336 2115 1677 2191 Romano
1731 2142 2020 2192 moram
2064 2117 2375 2214 injicere
2409 2116 2697 2215 potuis-

492 2217 632 2285 set.
739 2209 1136 2286 Diversam
1178 2214 1446 2290 harum
1477 2215 1869 2292 literarum
1911 2216 2277 2292 virtutem
2331 2217 2694 2315 perstrin-

489 2307 611 2481 {it
655 2308 1157 2505 Tergntianus
1192 2335 1365 2410 pag.
1402 2320 1499 2389 35
1542 2316 1641 2408 [l.
1715 2323 1765 2390 9
1790 2354 1880 2381 =
1907 2322 2128 2390 2401.
2159 2353 2248 2379 =
2275 2322 2421 2390 844
2447 2355 2549 2370 ——
2569 2321 2689 2389 46.

590 2531 832 2583 -nos
865 2510 1223 2608 siquando
1245 2516 1293 2609 Τ
1338 2513 1684 2589 G'raecum
1721 2523 1782 2587 Φ
1818 2538 2109 2590 necesse
2138 2526 2251 2588 est
2276 2514 2613 2612 esp-imi,

589 2610 646 2677 P
697 2617 774 2680 et
826 2614 893 2682 H
956 2610 1177 2684 simul
1224 2611 1554 2701 solemus,
1643 2638 1784 2687 non
1860 2614 2219 2690 Latinam
2274 2614 2461 2687 hanc
2538 2612 2697 2707 [F]

593 2764 822 2896 &qius
851 2732 1215 2881 3⁹⁰&ss
1248 2811 1531 2884 recedit
1562 2810 1748 2884 lma
1777 2822 2000 2911 atque
2026 2812 2240 2886 hebes
2270 2836 2504 2887 som.

490 2946 535 2992 ¹·
573 2942 788 3018 Idem
839 2949 1073 3026 etiam
1121 2976 1295 3050 pag.
1345 2963 1434 3029 14
1503 2957 1596 3051 [l.
1632 2964 1724 3031 13
1752 2998 1843 3029 ==
1872 2967 2096 3034 2388.
2160 2997 2246 3023 =
2279 2968 2429 3035 227
2452 2967 2689 3034 -29.

490 3042 860 3139 Satan-11.

587 3191 829 3306 Iungam
869 3197 1164 3309 esmeria
1195 3199 1534 3275 dentibus
1582 3205 2005 3302 achar-intem
2035 3208 2371 3283 &heum

586 3290 1009 3463 &tramam
1039 3295 1209 3383 leni,
1255 3299 1375 3372 vel
1400 3310 1482 3415 uf
1514 3301 1718 3377 hirta
1754 3304 1998 3379 Graia
2028 3308 2235 3393 vites,
2397 3407 2414 3423 ο

685 3413 827 3465 cmc
864 3391 1016 3488 [F]
1054 3419 1184 3469 ore
1213 3397 1529 3487 sonabas,
1562 3402 1768 3476 modo
1811 3430 1974 3502 quoe
2005 3404 2255 3481 locata
2272 3430 2528 3505 prmus
2559 3415 2692 3479 est.

484 3537 603 3610 vel
629 3548 711 3611 ut
741 3538 943 3614 hirta
985 3542 1247 3633 Graia,
1305 3545 1383 3620 h.
1415 3570 1481 3622 e.
1533 3549 1697 3625 sive
1741 3552 1855 3627 ita
1907 3562 1996 3627 ut
2031 3578 2385 3654 asperum
2437 3553 2690 3627 Graeci

488 3639 550 3703 ‹1›
611 3656 884 3713 sonum
907 3643 1144 3754 ,vite-3.
1298 3645 1681 3724 Caeterum
1750 3675 1892 3750 pro
1984 3654 2151 3730 istis
2212 3656 2332 3730 vel
2390 3664 2470 3728 ut
2539 3653 2687 3727 &a

486 3729 721 3826 vulgo
776 3735 1059 3833 legitur
1105 3743 1330 3837 (velut
1367 3744 1417 3844 ‡
1458 3746 1663 3823 hirta
1710 3752 1953 3827 Graia
1993 3754 2234 3850 vites).
2339 3754 2693 3845 Denique

481 3828 691 3923 apud
748 3854 1245 3936 quoscunque
1306 3844 1613 3920 Graecos
1681 3849 2126 3926 obtinebant
2202 3851 2459 3924 alterae
2519 3849 2687 3920 istoe

479 3932 684 3999 notae
723 3941 759 3999 Ι·
809 3938 889 4003 et
920 3948 980 4019 4,
1030 3937 1159 4011 vix
1212 3940 1719 4019 dubitandum
1753 3948 2076 4035 videtur,
2131 3949 2313 4043 quin
2368 3946 2432 4018 is
2483 3954 2686 4019 esset

480 4045 743 4139 eorum
777 4050 989 4117 usus,
1039 4044 1128 4108 ut
1161 4036 1364 4112 inter
1398 4039 1661 4118 literas
1700 4045 2153 4140 majusculas
2213 4044 2339 4118 illa
2401 4041 2689 4139 aspira-

477 4128 768 4242 tionem
822 4127 985 4217 He,
1058 4130 1220 4207 haee
1278 4145 1538 4214 autem
1621 4142 1936 4218 alteram
2008 4146 2162 4218 Van
2227 4143 2683 4241 designaret.

479 4220 764 4300 Pnons
851 4230 1200 4327 exempla
1291 4243 1557 4313 extant
1638 4246 2209 4318 ι-ΗΡΑΚΛΕΙΔΑ
2294 4249 2687 4319 ῠΑΠΟΛΙΣ

551 4441 592 4500 †
639 4443 792 4508 vide
817 4451 1113 4511 Addenda·
1712 4464 1751 4535 ss
1805 4462 1965 4525 Velut
1989 4487 2223 4548 quoque
2249 4470 2565 4530 Sus-lenius.
