3032 4898
1367 504 1461 571 41

302 694 567 792 utique
637 689 849 767 aliud
900 690 1025 765 hic
1082 690 1245 789 agit
1281 686 1806 779 Terentianus,
1856 698 2361 791 praeterquam
2415 705 2505 773 ut
2528 717 2704 770 sacr.

305 796 579 868 doceat
610 791 965 866 voculam
993 814 1147 864 non
1172 790 1333 885 jam
1363 796 1432 874 εξ
1463 794 1598 865 sed
1647 826 1718 865 εκ
1762 803 2123 888 sequente
2147 813 2151 817 *
2173 818 2504 870 consona
2594 785 2636 830 ¹‘

309 917 359 967 a
392 891 673 966 Graecis
702 890 1052 987 usurpari
1104 890 1425 978 solitam,
1479 891 1644 965 sive
1702 914 1791 965 ea
1844 891 1994 986 (uti
2049 893 2498 990 loquuntur)

311 992 397 1065 in
449 989 1020 1088 compositione,
1071 988 1232 1063 sive
1262 998 1481 1065 extra
1519 990 2142 1086 compositionem
2182 993 2496 1067 veniret.

315 1090 567 1187 Hujus
627 1098 885 1164 autem
938 1110 1120 1162 usus
1169 1089 1513 1185 exempla
1568 1088 1878 1163 adducit
1906 1121 1975 1161 εκ
2023 1123 2281 1163 παντων
2314 1100 2393 1165 et
2426 1122 2496 1165 εκ

312 1215 563 1274 mom
610 1188 816 1262 illius
861 1190 1200 1274 εκπληξιιι,
1258 1218 1581 1286 eruperat,
1637 1196 1718 1261 et
1766 1207 2224 1283 εκκσκωφυται,
2262 1191 2496 1286 vulgo

309 1288 561 1361 minus
634 1287 841 1361 recte
916 1306 1364 1381 εκκεκωφηται.
1468 1288 1760 1369 Quarto
1817 1288 1898 1359 in
1956 1310 2183 1361 versu
2241 1288 2497 1364 malim

307 1395 567 1472 vertet,
625 1408 803 1458 cum
885 1386 1202 1459 verbum
1266 1384 1413 1457 hoc
1479 1385 1680 1461 inter
1721 1384 2029 1483 jugabit
2078 1393 2159 1460 et
2210 1386 2497 1460 sonabit

310 1484 756 1571 intercedat,
787 1506 1219 1579 quanquam
1262 1492 1526 1579 postea
1557 1484 1891 1558 varietur
1926 1486 2382 1558 constructio
2415 1486 2496 1559 in

316 1582 748 1669 excluditur,
780 1583 1166 1681 loquuntur
1193 1581 1506 1675 etfacit.
1618 1582 1889 1655 Versui
1916 1582 2182 1676 quinto
2206 1584 2501 1656 censuit

320 1680 633 1777 quidam
667 1680 1105 1755 medicinam
1140 1682 1187 1725 ¹⁸*
1218 1678 1642 1753 faciendam
1674 1703 1836 1754 esse
1865 1680 2212 1776 legendo,
2259 1712 2328 1751 εκ
2357 1714 2505 1754 στο-
2578 1687 2670 1755 15

318 1810 529 1870 ματος
560 1789 637 1853 et
681 1800 1116 1876 εκκεκωφηται.
1218 1779 1326 1852 At
1374 1780 1576 1853 enim
1632 1779 1779 1854 hoc
1833 1787 2061 1876 pacto
2110 1801 2508 1875 perperam

316 1877 889 1955 confunduntur
970 1879 1335 1974 exempla,
1417 1887 1680 1953 contra
1742 1887 2001 1953 notam
2069 1876 2507 1952 Terentiani

313 1979 674 2075 «κριβααυ.
780 1979 983 2051 Eum
1031 1976 1535 2051 certissimum
1565 1978 1868 2052 videtur
1900 1976 2210 2050 unicum
2244 1976 2325 2050 in
2355 1975 2505 2053 hoc

314 2100 539 2151 versu
588 2077 1045 2174 exemplum,
1095 2076 1323 2171 idque
1366 2077 1656 2151 voculae
1690 2110 1756 2149 εκ
1789 2077 1868 2149 in
1895 2102 2033 2149 emo
2065 2075 2281 2149 verbo
2324 2100 2510 2148 com-

296 2178 711 2274 prehensa»,
739 2176 1061 2250 dedisse.
1164 2175 1599 2271 Sequuntur
1649 2177 1730 2249 in
1763 2176 2110 2273 proximo
2161 2172 2509 2269 ejusdem

312 2276 545 2350 solute
608 2277 772 2349 sive
846 2276 927 2347 in
1005 2273 1374 2347 verbor-zm·
1426 2276 1613 2371 pari
1689 2283 2069 2370 usurpatae
2136 2272 2503 2368 exempla.

314 2375 524 2458 Quid
557 2374 819 2448 multis
869 2395 1066 2470 opus
1109 2382 1226 2445 est
1255 2375 1285 2445 2
1385 2371 1844 2458 Terentiani,
1877 2372 2174 2471 opinor,
2203 2392 2511 2443 manum

317 2495 521 2549 nunc
553 2474 831 2549 faciam
863 2495 1275 2570 agnoscas:

421 2609 548 2682 Sic
583 2616 664 2682 et
696 2607 882 2682 illud
915 2640 1003 2690 εις
1026 2639 1104 2678 το
1135 2609 1396 2686 καλλος
1429 2623 1865 2697 εκκεκωφωται
1896 2605 2084 2695 ξιφη;
2121 2600 2172 2637 ³²

322 2730 627 2827 Nempe
679 2729 772 2804 ad
826 2729 1325 2827 Euripideum
1357 2725 1566 2802 istud
1600 2725 1845 2799 Orest.
1910 2727 2128 2798 1287.
2182 2720 2518 2822 respexit

323 2828 892 2928 grammaticus:

764 2959 872 3049 Ap
906 2983 996 3033 εις
1027 2982 1103 3022 ro
1132 2953 1387 3031 καλλος
1418 2965 1856 3041 εκκεκωφωται
1887 2945 2029 3039 ξιφη
2046 2970 2067 3030 ;

324 3095 507 3195 Pag.
545 3103 667 3172 58.
700 3097 752 3170 1.
796 3101 888 3171 18
926 3096 972 3191 ιζ
995 3130 1085 3155 =
1111 3096 1374 3188 1520.]
1428 3105 1433 3112 ·

491 3225 961 3305 Καταληκηκα
994 3242 1175 3317 quos
1196 3214 1485 3314 syllaba
1515 3211 1855 3290 terminat
1857 3209 2349 3310 frequenter]

324 3344 547 3420 Latet
595 3343 679 3417 in
732 3342 882 3417 hoc
936 3335 1164 3416 vefflh
1224 3362 1428 3414 error
1479 3361 1577 3413 ex
1634 3335 1868 3410 nimia
1922 3335 2209 3410 librarii
2267 3333 2525 3407 nescio

322 3442 543 3540 cujus
604 3442 1039 3517 eruditione
1096 3438 1506 3538 profectus.
1617 3437 1916 3531 Nempe
1973 3431 2264 3506 homini
2299 3430 2528 3525 paulo

319 3542 695 3639 sagacior-i
758 3539 1097 3615 suboluit
1155 3538 1369 3612 verbi
1443 3534 1928 3617 catalectico,
2000 3529 2211 3625 quod
2225 3626 2243 3642 .
2289 3527 2529 3603 literis

320 3640 619 3713 Latinis
642 3639 979 3714 exaravit
1014 3636 1541 3719 Terentianae,
1570 3634 1913 3704 Graecam
1936 3650 2100 3700 esse
2133 3627 2519 3725 onginem.
2645 3699 2660 3712 ,

323 3737 559 3833 Isque
595 3737 782 3811 adeo
812 3762 951 3835 pro
969 3759 1076 3811 eo
1103 3758 1256 3832 quo
1282 3733 1620 3831 pollebat
1636 3726 1932 3825 judicio
1958 3727 2257 3801 Graecas
2275 3727 2531 3802 literas

319 3835 628 3911 curavit
678 3836 1160 3911 invehendas.
1264 3833 1355 3906 ld
1408 3828 1616 3927 quod
1668 3836 1922 3900 tamen
1954 3825 2396 3925 neutiquam
2425 3826 2533 3901 fe-

322 3936 575 4022 cisset,
612 3934 679 4008 si
711 3935 963 4009 Graeci
994 3931 1363 4007 sermonis
1394 3928 1522 4004 vel
1553 3924 1840 4022 majore
1870 3926 1998 4000 vel
2027 3926 2316 4001 minore
2348 3948 2531 4000 usus

323 4045 521 4108 esset
554 4034 852 4133 peritia.
959 4032 1046 4106 Si
1088 4029 1305 4105 verbi
1352 4028 1619 4122 utique
1666 4024 2059 4122 originem·
2083 4027 2530 4122 ignorasset,

323 4131 567 4229 ipsam
631 4133 731 4207 ob
804 4132 1003 4206 hanc
1071 4151 1377 4204 causam
1432 4127 1730 4223 integra
1791 4124 2190 4198 mansisset
2261 4121 2533 4195 Latina

331 4231 723 4330 scriptura.
827 4232 997 4306 Nec
1032 4252 1213 4304 vero
1262 4234 1555 4302 mutata
1612 4232 1832 4310 esset,
1876 4224 1941 4297 si
1976 4219 2268 4298 homini
2320 4218 2532 4289 inno-

418 4425 515 4481 81·
537 4425 575 4456 ‘⁸
594 4421 985 4488 Terentianus
1000 4421 1251 4482 Maurus
1274 4439 1383 4500 op-
1481 4416 1809 4479 aneuffol’
1876 4416 1954 4476 R.
2002 4414 2072 4471 P·
2119 4407 2198 4469 td
2238 4407 2383 4469 Eur·
2424 4407 2532 4472 Or·

332 4502 1386 4602 timeqhoeloeoemendntm·
1485 4502 1722 4640 12769..
