3032 4898
540 400 636 473 x*
1420 416 1849 471 Pam-'Arta

540 592 941 674 tummodo
998 592 1656 673 animadversores
1713 606 1944 694 atque
1999 604 2475 672 enarratores
2510 588 2741 692 profi-

541 731 830 808 tentur,
877 744 1023 796 neo
1076 720 1225 795 nisi
1280 745 1375 796 ex
1429 721 1736 796 illorum
1795 722 2147 821 diligenti
2202 718 2742 796 observatione·

543 855 933 945 praecepta
981 845 1130 944 ipsi
1181 868 1323 921 sua
1356 847 1505 921 sibi
1541 848 1915 943 nobisque
1949 844 2430 920 instituunt.'’
2530 843 2742 916 Num

542 993 636 1046 ea
689 969 786 1045 de
840 992 921 1044 re
977 978 1187 1044 recte
1243 971 1608 1046 statuerit
1669 974 2011 1058 Maurus,
2089 992 2324 1068 penes
2376 969 2744 1043 lectorem

542 1104 710 1169 esto
736 1093 1151 1192 judicium.

650 1217 753 1290 11.
830 1217 999 1292 Hac
1046 1217 1386 1294 sectione
1437 1219 1804 1319 palmaria
1852 1219 2040 1294 nihil
2077 1220 2369 1294 invenit
2408 1240 2529 1292 res
2578 1215 2747 1290 Cri-

543 1341 700 1417 tica
733 1342 1128 1430 solertius;
1166 1343 1858 1419 animadversiones
1894 1369 2069 1419 suas
2095 1356 2253 1420 tam
2279 1342 2636 1427 dilucide,
2663 1350 2747 1415 et

544 1467 960 1556 succincte,
1016 1478 1097 1542 et
1137 1476 1299 1542 tam
1332 1468 1548 1544 nullo
1581 1469 1898 1566 negotio
1933 1466 2451 1553 concinnavit,
2511 1472 2626 1550 ut,
2673 1461 2746 1538 si

542 1588 643 1664 ad
666 1589 975 1665 Pindari
1000 1589 1423 1666 editionem
1449 1593 1789 1668 animum
1813 1616 2039 1667 suum
2064 1591 2511 1691 appulisset,
2541 1588 2748 1665 votis

542 1715 890 1790 omnium
924 1714 1317 1791 cumulate
1359 1717 1816 1794 satisfecisse
1847 1715 2025 1815 jure
2060 1716 2645 1815 suspicaremur.

650 1838 796 1912 111.
879 1838 1070 1914 Hoec
1129 1840 1534 1938 particula,
1598 1842 1945 1938 quamvis
2007 1842 2241 1917 rebus
2304 1839 2593 1914 criticis
2643 1837 2748 1914 sit

546 1962 800 2038 minus
834 1963 1164 2054 uberior,
1208 1963 1416 2038 illam
1449 1973 1708 2041 tamen
1741 1967 2199 2064 gravitatem
2258 1964 2514 2050 habet,
2572 1986 2750 2061 quae

546 2088 893 2187 legentes
939 2087 1221 2164 afficiet
1255 2096 1337 2163 et
1371 2091 1691 2168 tenebit.
1796 2090 1922 2166 Ad
1956 2114 2124 2166 eam
2159 2091 2291 2166 ubi
2328 2088 2749 2176 deveneris,

549 2212 698 2287 alia
753 2212 1132 2311 quaedam,
1188 2235 1363 2311 quae
1419 2213 1652 2293 latius
1705 2217 2098 2318 cogitandi
2151 2215 2550 2291 materiam
2597 2213 2752 2289 for-

549 2344 757 2411 tasse
823 2336 993 2411 aliis
1056 2336 1410 2414 sufficere
1475 2350 1785 2440 queant,
1857 2364 1908 2416 a
1960 2362 2087 2415 me
2163 2347 2752 2415 commemorata

550 2463 915 2564 reperies.

651 2588 789 2662 lv.
845 2589 962 2664 De
1000 2589 1367 2678 Homero,
1396 2590 1532 2688 qui
1564 2590 1847 2688 linguoe
1883 2589 2173 2665 Graecae
2207 2591 2362 2665 late
2395 2587 2753 2666 diffusam

547 2713 920 2789 ditionem
955 2716 1251 2811 gremio
1286 2738 1429 2789 suo
1461 2715 2023 2811 complectitur,
2055 2715 2447 2814 praecipue
2472 2713 2752 2813 agitur.

554 2838 1017 2936 Quicunque
1070 2840 1445 2939 collapsas
1499 2837 1733 2934 hujus
1779 2838 2038 2911 ruinas
2096 2839 2436 2912 excitare
2487 2862 2758 2935 aggre-

554 2962 787 3052 ditur,
814 2963 1143 3038 maxime
1169 2963 1582 3040 claudicat.
1651 2961 2096 3048 AEolismus,
2120 2962 2254 3058 qui
2284 2970 2494 3036 totus
2515 2961 2758 3039 ferme

554 3110 600 3162 e
654 3087 986 3162 Maeonio
1055 3087 1267 3164 fonte
1350 3084 1694 3173 defluxit,
1782 3083 2339 3182 angustissimis
2411 3086 2754 3161 inclusus

556 3209 909 3288 cancellis
955 3211 1054 3285 ad
1104 3235 1244 3286 nos
1290 3211 1688 3311 pervenit;
1745 3220 1824 3284 et
1873 3209 2042 3308 ejus
2097 3209 2476 3286 ditissima
2523 3212 2758 3289 Soror

558 3344 639 3410 et
672 3336 1074 3435 discipula,
1126 3361 1300 3435 quae
1352 3361 1552 3437 puro
1586 3348 1666 3411 et
1699 3337 1920 3435 gravi
1964 3335 2210 3411 enitet
2241 3337 2571 3435 eloquio,
2617 3339 2754 3412 ad·

558 3460 922 3535 minicula
955 3485 1325 3561 perquam
1360 3463 1589 3538 exilia
1622 3460 2174 3549 subministrat,
2226 3463 2432 3537 unde
2465 3463 2752 3559 aliquid

560 3584 815 3660 dubiis
886 3596 964 3662 et
1032 3588 1567 3664 vacillantibus
1637 3585 2093 3661 firmamenti
2154 3587 2496 3663 accedat.
2600 3587 2756 3662 Sed

560 3718 852 3808 quaerat
888 3710 1189 3810 aliquiS,
1241 3715 1308 3791 si
1367 3713 1698 3813 plurima
1751 3710 1996 3811 spissa
2052 3711 2376 3809 caligine
2434 3712 2758 3786 circum·

560 3831 731 3907 fusa
780 3832 1047 3923 latent,
1098 3860 1237 3910 cur
1271 3836 1614 3934 gladium
1669 3835 1768 3910 ad
1825 3848 1985 3910 tam
2041 3834 2246 3910 levia
2278 3833 2758 3909 defendenda

561 3955 1028 4054 destringis?
1132 3957 1305 4032 Hoc
1341 3967 1627 4034 temere
1663 3958 1999 4043 dictum;
2057 3963 2228 4031 “au
2258 3956 2329 4029 si
2379 3955 2620 4029 omia
2650 3956 2764 4031 ad

560 4079 1113 4180 intellegendum
1162 4107 1303 4157 non
1364 4081 1596 4156 habeo
1642 4107 1807 4181 φησι
1838 4080 2108 4155 habere
2163 4078 2469 4165 vellem,·
2516 4105 2610 4155 ne
2637 4080 2762 4156 Iu’e

562 4206 878 4304 quidem,
927 4232 1092 4307 quae
1124 4207 1376 4296 habeo,
1423 4207 1602 4281 mihi
1623 4231 1777 4306 per
1834 4216 1909 4281 te
1958 4206 2069 4280 uti
2120 4204 2481 4281 licebitr’
2581 4205 2750 4280 Etsi

563 4351 969 4429 perpaucae
1027 4339 1263 4428 atque
1313 4330 1617 4428 exiguae
1676 4352 1774 4406 ex
1813 4329 2136 4428 ingenti,
2183 4331 2394 4429 quod
2428 4331 2754 4427 antiquae

564 4453 802 4530 litcrae
858 4457 1227 4546 fecerunt,
1270 4457 1671 4555 naufragio
1707 4465 2118 4556 supersunt
2171 4456 2500 4543 tabulae3
2537 4456 2759 4556 plura
