3032 4898
233 656 414 711 810'1'.

308 727 369 774 V.

1484 450 1634 518 394

602 592 609 599 ι
662 648 874 719 Εισθει
906 675 1075 743 προς
1110 648 1275 736 ἧμας
1310 645 1524 744 ὃευρο,
1580 674 1909 743 πυρριχην
1943 641 2249 735 msam.

461 770 706 847 Immo
761 768 990 845 hodie
1036 790 1233 867 pene
1285 766 1796 867 pronunciare
1855 765 2124 841 ausim·
2148 801 2279 840 των
2323 768 2531 842 ενδοθι
2565 800 2688 842 κα-

462 876 632 945 λεσω
665 904 808 943 τινα
842 894 938 944 Ile
973 869 1232 945 Attice
1257 868 1568 966 quidem
1594 868 1769 943 dici.

564 972 730 1045 Nec
765 993 945 1045 vero
999 970 1080 1044 in
1133 980 1589 1044 accentuum
1637 968 1932 1043 ratione
1968 967 2089 1042 vel
2147 965 2483 1042 Comicis
2533 966 2682 1042 La-

463 1071 646 1146 tinis
679 1069 1045 1168 majorem
1072 1070 1415 1168 permitti
1439 1069 1824 1147 licentiam
1850 1068 2035 1142 mihi
2063 1091 2512 1166 persuasum
2536 1078 2681 1144 est.

466 1171 742 1246 Nullus
788 1179 1046 1245 autem
1102 1170 1398 1257 dubito,
1474 1170 1660 1266 quin
1709 1193 1955 1267 pauca
2013 1170 2445 1255 admodum,
2507 1193 2683 1266 quae

461 1271 691 1346 hodie
746 1272 953 1369 apud
1009 1270 1455 1345 Terentium
1516 1274 1782 1344 contra
1844 1278 2505 1368 repraesentantur‚
2583 1271 2683 1343 ad

463 1371 801 1472 ακριβειαν
836 1395 881 1446 a
909 1372 1194 1446 Graecis
1230 1380 1606 1445 servatam
1640 1370 1794 1444 sint
1819 1370 2230 1469 exigenda;
2260 1369 2685 1468 praesertim

465 1494 644 1545 cum
666 1471 819 1547 levi
849 1471 1136 1568 ubique
1171 1495 1402 1546 manu
1435 1470 1595 1546 fieri
1633 1470 1898 1568 possit.
2006 1469 2475 1567 Hujusmodi
2500 1479 2684 1545 sunt

463 1570 663 1646 And.
703 1572 906 1647 Prol.
946 1576 1071 1647 23.

565 1697 1047 1784 Maledicere,
1095 1693 1494 1795 malefacta
1529 1693 1618 1770 πὲ
1650 1691 1952 1770 nost-tint
1977 1719 2138 1768 aua.

466 1822 668 1897 Eun.
706 1846 793 1896 11.
830 1821 909 1896 ii.
949 1827 1068 1895 33.

567 1944 985 2032 vocabula,
1022 1943 1359 2043 parasiti
1394 1945 1568 2018 item
1597 1943 1678 2020 tit
1719 1942 2156 2020 Gnatho'nici
2177 1944 2533 2020 vocentur.

466 2070 829 2146 Rescribo
876 2052 1175 2145 autem:

567 2197 1050 2285 Maledicere,
1098 2197 1187 2272 fit
1218 2195 1624 2293 malefacta
1656 2222 1745 2271 ne
1770 2208 2074 2272 noscant
2102 2223 2260 2271 sua.

568 2294 982 2385 Vocabula,
1031 2297 1118 2373 1'1t
1145 2295 1475 2397 paraaiti
1508 2295 1680 2372 ἰιέηι
1718 2296 2166 2372 Gnathonici
2200 2295 2561 2373 vocentur.

291 2445 439 2516 213
469 2434 512 2481 ⁴*
549 2435 846 2512 Poteris
882 2434 1136 2525 etiam,
1169 2434 1652 2523 Maledicere,
1702 2432 1855 2533 quo
1888 2478 2084 2492 —-——
2112 2436 2235 2511 vel
2269 2435 2593 2533 denique

567 2563 1052 2650 Maledicere,
1100 2565 1196 2637 ne
1231 2562 1632 2660 malefacta
1665 2572 2132 2660 cognoscant
2164 2588 2325 2637 seca.

451 2682 719 2785 'Atque
748 2687 896 2763 hoc
933 2687 1241 2784 quidem
1277 2687 1767 2786 praetulerim.

571 2823 664 2896 V.
702 2829 875 2897 985.
930 2831 1058 2896 Και
1092 2859 1232 2906 ταις
1268 2828 1578 2918 deman,-
1612 2857 1930 2925 αγορασαι
1978 2859 2287 2923 χιτωνιον

931 2927 1282 2996 Εκελευσεν
1317 2959 1423 3010 αν,
1476 2959 1554 3020 τῃ
1585 2958 1776 3024 μητρι
1807 2958 1873 2997 τε
1910 2927 2349 3019 θοιματιὸιον]

468 3021 930 3119 Ignorarunt
987 3023 1317 3099 editores
1371 3023 1495 3099 vel
1563 3026 1951 3115 θοιματιὸιον
2009 3028 2464 3106 tantundem
2521 3049 2690 3102 esse

465 3120 674 3217 quod
728 3154 805 3193 το
855 3124 1187 3211 ἶματιὸιον,
1245 3123 1367 3198 vel
1422 3124 1607 3219 quid
1663 3125 2065 3200 interesset
2117 3125 2316 3200 inter
2374 3128 2688 3218 ἱματιδιον

465 3228 548 3295 et
600 3254 677 3293 το
711 3221 1066 3311 ἱματιὸιον;
1123 3223 1244 3296 vel
1310 3220 1512 3297 forte
1575 3234 2004 3321 utrumque.
2111 3225 2482 3314 Alterum,
2530 3250 2686 3325 quo

465 3342 563 3395 ne
595 3319 675 3394 in
709 3319 895 3397 alios
928 3320 1194 3395 itidem
1217 3321 1576 3421 deinceps
1614 3325 1858 3412 cadat,
1891 3347 2198 3402 monere
2234 3327 2447 3416 libet,
2480 3328 2687 3425 quod

466 3430 646 3496 ante
702 3445 852 3509 me,
904 3420 1199 3519 opinor,
1251 3446 1500 3511 nemo,
1556 3424 1759 3499 idem
1813 3424 2040 3523 plane
2076 3426 2445 3503 interesse
2476 3428 2686 3527 quod

462 3518 665 3594 inter
717 3521 1140 3598 locutiones
1196 3523 1559 3621 Anglicas
1619 3550 1669 3599 a
1707 3550 1929 3624 gown
1983 3534 2064 3601 et
2125 3528 2247 3602 the
2272 3555 2515 3627 gmon,
2564 3528 2688 3603 vel

467 3618 796 3695 Gallicas
862 3648 1001 3696 une
1054 3622 1230 3696 robe
1286 3633 1367 3698 et
1421 3625 1500 3698 Ia
1553 3625 1747 3699 robe.
1855 3629 2048 3712 Quae
2103 3652 2279 3703 cum
2342 3631 2450 3704 ita
2507 3629 2687 3717 sint,

466 3717 774 3792 omnino
812 3721 1407 3811 rescribendum,

462 3926 741 4006 graphice
766 3948 963 4022 errore
1003 3934 1096 3992 ed.
1128 3935 1367 3995 Kuster.
1408 3942 1524 4013 γὰρ
1624 3939 1961 4000 dissimilius
2027 3941 2221 4020 paulo,
2278 3940 2421 3998 Eur.
2473 3938 2685 4016 Suppl.

504 4027 696 4086 noque
736 4022 951 4068 omittit
989 4013 1167 4070 cditio
1212 4014 1525 4093 Bergleri.”
1625 4026 1763 4079 332.
1807 4020 1926 4079 Ox.
1952 4029 2071 4088 τοῖς
2098 4027 2424 4097 κερτομοῦσι
2461 4018 2690 4095 γοργὸν

527 4128 542 4145 .
570 4085 648 4147 P·
689 4087 845 4167 {pud
884 4088 962 4145 P·
994 4090 1070 4147 P·
1100 4093 1181 4152 D.
1223 4097 1386 4153 Ἀλλ’
1427 4096 1522 4155 ὅδε
1625 4104 1700 4166 ὥς
1736 4098 2058 4171 ἀναβλέπει
2106 4104 2186 4169 Σ»)
2230 4103 2456 4176 πατρίς.
2505 4096 2694 4162 Herc·

522 4167 650 4232 ’λαξ
700 4172 814 4245 γὰρ
881 4168 1002 4229 duo
1070 4172 1301 4231 codices
1363 4177 1522 4252 apud
1624 4178 1763 4237 Fur.
1796 4184 1932 4236 990.
1984 4181 2053 4240 ‘O
2091 4179 2137 4236 δ’
2179 4178 2482 4257 ἀγριωπὸν
2523 4180 2600 4260 ὅμ

520 4248 714 4348 αωοβ.
754 4248 928 4320 Infra,
974 4253 1175 4312 Εἶσθεῖ
1223 4253 1355 4312 edd.
1402 4267 1520 4314 tres
1623 4260 1912 4336 Γοργόνος
1949 4262 2224 4338 στρέφων.
2309 4259 2389 4321 Et
2414 4261 2503 4320 vir
2530 4205 2688 4322 celi:

463 4347 573 4420 pr..
615 4332 803 4409 τρέχει
845 4329 924 4409 gl.
966 4331 1096 4392 cod.
1140 4332 1292 4393 Vict.
1367 4332 1522 4393 Vide
1622 4340 1925 4409 berrimus,
2009 4341 2081 4399 G.
2150 4340 2330 4412 ὃοοει,
2398 4342 2686 4402 Bam*—

462 4407 615 4467 mtr-
659 4411 735 4470 ad
778 4431 839 4488 p.
880 4416 1016 4472 318.
1078 4411 1196 4473 Av.
1245 4418 1416 4474 1671.
1465 4421 1520 4471 r!
1622 4420 1803 4479 would
1847 4419 1973 4480 look
2017 4442 2056 4480 a
2105 4422 2220 4484 lion
2264 4424 2446 4486 down.
2505 4422 2675 4484 Cous.

465 4483 581 4560 δῆτ’
598 4487 722 4550 ἄνω
742 4492 1011 4570 κίχῃνας,
1038 4496 1229 4556 αἰτίαν
1249 4492 1515 4568 βλέπωνς
1621 4498 1770 4562 infra
1794 4501 1870 4560 nd
1908 4521 1966 4580 p.
1995 4509 2135 4563 312.
