3032 4898
1530 426 1679 500 506

258 629 442 746 ngr·
782 630 1122 725 Σπειρουσι
1155 628 1215 712 ὃ,
1268 660 1306 709 η
1336 628 1492 699 ΤΩῙ
1536 629 1776 714 ΖΩΣῙ,
1831 630 2177 724 Arum-5904·
2213 643 2524 721 „mxvvg

259 781 456 803 --
618 729 732 801 ΣΙ.
788 729 1205 815 ΓΑΛΑΚἹῚ,
1258 759 1363 800 και
1395 729 1789 818 ΊὙΡΟῙΣῙ,
1826 733 1957 799 ’και
1986 730 2215 819 μηλων
2248 727 2563 796 ΒΟΡΑῙ.

488 866 630 941 Isti
684 873 941 940 autem
1002 900 1053 939 ει
1097 900 1197 949 τις
1230 898 1735 965 προσεταττεν-
1754 869 1909 947 εἴων
1965 899 2044 938 αν
2089 862 2353 937 similis
2404 859 2715 960 passim

487 965 841 1041 occurrit.
944 965 1207 1040 Unum
1250 966 1438 1041 illud
1481 965 1883 1040 Menandri
1916 965 2287 1039 adducam
2323 962 2535 1060 quod
2594 962 2720 1037 sic

486 1065 1006 1165 refingendum
1039 1067 1312 1141 statuit
1347 1066 1460 1140 Cl.
1498 1064 1885 1142 Bentleius
1924 1067 2101 1164 [pp.
2143 1071 2208 1150 1,
2235 1065 2407 1158 2.]:

694 1209 909 1300 ΕΙπερ
942 1234 1059 1277 τον
1095 1204 1396 1277 αὸικουντ
1428 1236 1718 1296 ασμενως
1753 1205 2213 1275 ΗΜΥΝΕΤΟ

690 1310 994 1385 Εκαστος
1027 1309 1231 1397 ἡμων,
1285 1335 1392 1377 και
1426 1308 2167 1406 ΣΥΝΗΓΩΝῙΖΕΤΟ,

692 1409 857 1486 Ῑσως
894 1409 1165 1498 νομιζων
1201 1406 1361 1479 ιὸιον
1396 1438 1551 1479 tavae
1583 1439 1660 1478 το
1690 1437 1966 1504 γεγονος

690 1506 1006 1596 Admetum,
1057 1539 1164 1580 και
1195 1509 1871 1579 ΣΥΝΕΠΡΑΤΤΟΝ
1909 1506 2239 1584 αλληλοις
2276 1524 2560 1599 πικρως·

696 1612 840 1678 Ome
875 1612 997 1679 AN
1033 1638 1134 1681 em
1165 1611 1391 1680 πλειον
1427 1641 1503 1680 το
1536 1637 1741 1679 κακον
1775 1608 1923 1698 ἧμιν
1959 1607 2341 1676 ΗΥΞΕΤΟ
2364 1603 2467 1676 ²⁰¹.

498 1743 590 1816 In
648 1740 927 1817 Clerici
983 1743 1316 1818 editione
1394 1742 1679 1842 legitur
1744 1741 2227 1841 συνηγωνιᾶατο
2295 1746 2375 1814 et
2435 1740 2711 1822 ηυξατο.

501 1844 787 1917 Contra
820 1851 1080 1917 autem
1131 1843 1271 1917 vir.
1314 1843 1459 1930 CL,
1511 1853 1558 1885 “
1590 1842 2001 1917 Nesciebat
2044 1840 2181 1914 Vir
2219 1839 2722 1914 Clarissimus

331 1932 480 2003 2⁷6
502 1943 548 1987 ⁴⁵
584 1949 635 1983 “
670 1940 1009 2015 Clericus
1058 1943 1245 2016 illud
1304 1949 2031 2016 ΣΥΝΗΓΩΝΙΣΑΤΟ
2071 1940 2451 2039 corripere
2490 1964 2727 2036 quar-

507 2049 561 2082 “
594 2049 754 2114 tam
786 2041 1170 2138 syllabam,
1227 2049 1308 2116 et
1355 2043 1645 2117 idcirco
1678 2043 1758 2117 in
1810 2044 2106 2118 senario
2158 2051 2360 2116 stare
2392 2039 2522 2113 hic
2555 2063 2723 2114 non

504 2150 553 2184 ‘⁶
586 2155 834 2239 posse.
874 2141 1429 2239 Corrigendum
1465 2152 1677 2218 erat:

717 2287 767 2322 “
802 2284 1097 2362 Εκασως
1132 2284 1310 2374 ἡμων
1344 2313 1452 2356 κα.
1491 2253 2260 2355 ΣΥΝΗΓΩΝῙΖΕΤοε

507 2428 554 2463 “
587 2415 794 2518 qucd
841 2426 920 2495 et
952 2420 1390 2519 praecedens
1442 2395 1659 2495 ΗΜῨ
1659 2427 1718 2495 Ν
1725 2427 1923 2509 ΕΤΟ,
1972 2428 2053 2496 et
2103 2419 2313 2518 quod
2346 2415 2724 2495 continuo

509 2528 560 2561 “
593 2521 939 2618 sequitur
973 2527 1672 2610 ΣΥΝΕΠΡΑἸΤΟΝ,
1724 2531 2132 2619 utrumque
2164 2519 2533 2621 temporis
2578 2518 2727 2594 im-

510 2629 556 2663 “
589 2622 936 2719 perfecti,
988 2622 1462 2721 apertissime
1494 2624 2035 2699 demonstrant.

513 2768 564 2804 “⁹
600 2759 914 2837 Ibidem.
969 2768 1112 2834 Ουκ
1145 2796 1226 2836 αν
1262 2795 1361 2836 em
1394 2766 1623 2837 πλειον
1657 2795 1734 2835 το
1768 2793 1972 2836 κακον
2005 2767 2152 2855 ἧμιν
2181 2761 2418 2843 nuffar«)

965 2866 1059 2935 Το
1092 2896 1224 2935 των
1258 2895 1584 2962 πονηρων.

812 3002 861 3035 “
895 2994 994 3068 Ν
982 3019 1076 3067 cm
1107 3004 1495 3094 tantopere
1526 2996 1790 3071 malum
1822 2996 2213 3072 mactum
2238 2982 2459 3086 esset,
2492 3067 2497 3075 .

814 3101 865 3133 “
906 3094 1126 3180 Quod
1125 3097 1235 3191 fit
1266 3121 1316 3168 a
1349 3095 1587 3171 malis.
2384 3120 2391 3125 ·

524 3241 570 3275 “
605 3230 840 3330 Atqui
878 3235 1256 3305 ΗΥΞΑΤΟ
1293 3232 1374 3306 in
1410 3257 1524 3323 ea,
1576 3259 1805 3333 quam
1837 3236 2056 3332 ponit
2090 3238 2203 3311 vir
2240 3236 2387 3324 cl„
2437 3238 2729 3336 signifi·

529 3342 576 3376 “
606 3334 903 3409 catione
952 3357 1049 3408 ne
1088 3335 1441 3409 Graecum
1474 3336 1782 3433 quidem
1815 3344 1951 3410 est.
2055 3342 2489 3410 ΑΥΞΟΜΑΙ
2526 3339 2737 3414 enim

531 3443 577 3477 “
609 3435 688 3509 in
742 3443 1084 3534 tempore
1165 3434 1561 3512 indefinito
1642 3461 1794 3512 non
1874 3442 2254 3510 ΗΥΞΑΤΟ
2327 3438 2533 3526 facit,
2601 3439 2739 3513 sed

533 3543 578 3577 “
611 3542 1141 3612 ΗΥΞΗΣΑΤΟ.
1213 3541 1594 3611 ΗΥΞΑΤΟ
1622 3539 1850 3636 longe
1880 3538 2085 3612 aliud
2120 3547 2360 3624 notat,
2375 3550 2740 3639 precatus

535 3642 584 3676 ‘⁶
616 3645 752 3724 est,
781 3637 1160 3737 gloriatus
1191 3648 1329 3727 est,
1367 3640 1462 3713 ab
1486 3642 2049 3713 EYXOMA1202.
2121 3638 2437 3738 Repone
2472 3640 2740 3738 igitur,

577 3955 591 3970 ·
623 3878 759 3935 201.
786 3877 1304 3942 “Phileleutherus
1330 3883 1592 3963 Lipsien-
1688 3884 1810 3955 dus,
1863 3888 1901 3919 “
1926 3893 1983 3944 et
2021 3904 2081 3944 se
2122 3883 2348 3943 invicem
2390 3885 2589 3946 acerbe
2626 3902 2745 3943 nna

545 3976 624 4017 διε
649 3962 1086 4032 συνηγωνίζετο,
1115 3976 1175 4022 et
1196 3965 1404 4032 ἥυξετο.
1460 3964 1590 4043 Op-
1670 3965 2083 4025 'ulciscerentur
2100 3986 2135 4024 .··
2159 3964 2254 4025 vel
2293 3966 2343 4023 si
2368 3966 2597 4026 invicem
2610 3986 2743 4046 ρα-

548 4037 706 4108 time,
742 4037 801 4096 ni
832 4037 1054 4098 fallor.”
1100 4043 1377 4121 Gotofrid.
1415 4044 1592 4104 Rich-
1691 4065 1794 4104 nas
1832 4066 1946 4105 una
1971 4045 2167 4106 acerbe
2190 4056 2480 4106 sumerent.
2521 4047 2605 4107 ita
2645 4071 2745 4105 ra-

550 4128 699 4178 tem
744 4118 803 4178 in
845 4119 1013 4198 Spec.
1041 4121 1188 4181 obs.
1231 4122 1376 4183 crit.
1406 4146 1464 4203 p.
1492 4130 1591 4185 95.
1692 4147 1725 4181 κ
1801 4150 1831 4191 ς
1884 4126 2179 4204 geminum
2246 4145 2476 4186 sensum
2531 4140 2746 4187 servat

553 4197 725 4259 Conf-
773 4199 1011 4261 Jortin’s
1055 4200 1340 4263 Reman-k·
1375 4223 1452 4263 on
1477 4203 1594 4263 Ec·
1755 4205 1849 4264 ide
1891 4207 1966 4264 ab
2006 4205 2117 4265 boc
2158 4226 2215 4265 v.
2253 4207 2343 4266 8.”
2380 4207 2745 4288 Bergeqsius.

554 4279 690 4339 cles.
723 4279 882 4340 Hist.
910 4300 951 4341 1.
989 4303 1048 4361 p.
1094 4286 1228 4341 180.
1270 4283 1363 4341 ed.
1419 4287 1594 4343 1805.
1695 4283 1911 4345 Confer
1936 4302 2110 4362 supra
2134 4306 2193 4364 p.
2217 4292 2357 4346 489.

555 4370 616 4418 et
665 4359 728 4418 S.
778 4361 977 4422 Parr’s
1032 4361 1308 4422 Warburt.
1373 4361 1593 4441 Opusc.
1779 4371 1917 4426 202.
1980 4365 2157 4443 Soph.
2203 4365 2311 4426 Ph.
2347 4372 2520 4426 1019.
2562 4367 2745 4426 ὄλοιο·

555 4455 656 4514 pp.
691 4444 824 4514 179,
867 4447 963 4503 80.
994 4441 1187 4505 Vertit
1225 4443 1597 4506 Sanctam·
1697 4450 1792 4505 καί
1838 4470 1927 4506 σοι
1985 4447 2262 4514 πολλάκις
2307 4445 2420 4506 τόδ’
2470 4447 2753 4524 ηὗξάμην.
