3032 4898
1064 420 1078 435 .
1180 376 1613 433 PRAEra'rlo.
2279 358 2439 434 *vii

246 557 1941 638 mnnemmescriticitamveritmacismo
1975 562 2196 634 re'um
2229 567 2443 637 menss·

245 684 450 762 dacii
476 690 824 782 agerent,
852 688 937 758 et
966 681 1051 757 in
1082 684 1514 761 temeritate
1546 683 2045 783 gloriantem,
2075 692 2448 784 tanquam

248 808 1031 910 impudentissimum,
1083 806 1289 907 sequi
1317 816 1399 883 et
1421 805 1666 905 jurati
1691 805 1996 905 judices
2028 809 2464 907 pronunci-⁴

252 946 474 1011 ment
500 938 534 1008 τ
664 932 915 1009 Immo
962 932 1076 1009 illi
1128 933 1215 1009 in
1268 929 1711 1008 Dawesium
1777 923 2056 1031 potius
2095 934 2464 1020 soeviant,

254 1061 389 1161 qni
422 1083 508 1136 se
539 1058 753 1134 nulla
785 1058 1225 1160 corruptela
1258 1056 1600 1137 irretitos
1630 1059 2010 1133 sentiunt*

352 1183 455 1259 In
482 1182 630 1258 bac
660 1181 1098 1272 Academia,
1132 1204 1363 1280 quam
1400 1182 2043 1284 Camogepkym
2067 1183 2456 1283 appellare

254 1311 581 1398 solebat,
631 1333 875 1386 amos
907 1309 1306 1385 duodenos
1360 1316 1880 1385 commoratus
1922 1318 2094 1395 est,
2071 1334 2092 1352 ·
2150 1316 2235 1385 et
2265 1330 2470 1408 quo-·

256 1437 407 1514 ties
430 1438 530 1512 ab
552 1434 721 1511 aliis
744 1434 951 1523 curis
975 1443 1114 1511 ant
1133 1431 1513 1510 illecebris
1538 1452 1705 1507 sese
1730 1426 2015 1507 abduci
2038 1439 2458 1530 pateretur,

267 1562 695 1639 Atticorum
717 1568 1127 1661 poetarum
1154 1552 1693 1635 consuetudini
1726 1578 1810 1632 se
1832 1566 2099 1635 totum
2125 1555 2458 1644 dedidit,

270 1687 851 1787 Aristophanem
896 1704 1126 1762 sunm
1180 1692 1566 1761 nocturna
1610 1681 1950 1759 versavit
1980 1702 2240 1771 manu,
2289 1702 2474 1758 ver-

262 1809 473 1887 savit
498 1808 790 1885 diurna.
894 1808 1055 1884 At‘
1057 1800 1313 1883 ‘sibi'
1290 1826 1459 1908 ipse
1492 1828 1769 1908 parum
1803 1804 2160 1884 diffidit?
2165 1806 2463 1886 ’fateor

258 1935 663 2035 equidem;
716 1943 800 2009 et
830 1932 1206 2008 cancellos
1240 1931 1568 2009 nimium
1598 1942 1978 2032 angustos
2020 1932 2230 2009 sibi
2205 1956 2462 2033 ipsum

258 2056 857 2164 eitcumdedioee
888 2074 1377 2155 summopere
1407 2054 1656 2157 doleo.
1737 2057 2042 2135 Revera
2070 2082 2229 2135 non
2263 2060 2460 2135 mul-

260 2193 413 2272 ton,
482 2182 625 2259 sed
676 2182 1010 2257 multum
1060 2188 1145 2257 et
1192 2200 1374 2257 eum
1430 2181 1787 2259 molestia
1840 2183 2084 2282 legit3
2165 2184 2467 2282 singula

264 2305 751 2407 pedetentim
778 2303 1234 2404 exploravit,
1281 2305 1574 2404 quaevis
1605 2305 2113 2381 minutissima
2147 2305 2467 2403 diligen·-

266 2443 391 2510 ter
422 2440 511 2508 et
564 2438 921 2508 accurate
954 2428 1499 2530 peilustravit;
1552 2451 1701 2506 nec
1759 2429 1910 2504 nisi
1963 2428 2263 2525 liquido
2294 2432 2481 2527 pro-4

267 2556 479 2633 batis
510 2577 865 2631 assensus
900 2562 1042 2629 est.

378 2678 499 2754 Ut
541 2679 699 2755 otio
732 2677 1177 2764 abundavit,
1231 2684 1315 2752 ct
1344 2695 1572 2753 aures
1612 2675 1783 2776 ejus
1816 2697 2124 2777 semper
2158 2677 2471 2755 fixerunt

278 2809 565 2880 teretes
594 2811 676 2877 et
705 2799 1111 2899 religiose,
1158 2800 1558 2880 Dawesius
1587 2822 1766 2880 eum
1794 2803 2203 2883 sodalitate
2237 2806 2484 2882 etiam'

273 2927 599 3006 honesta
651 2934 735 3003 et
788 2948 946 3001 non
996 2947 1308 3025 prorsus
1361 2924 1622 3025 ἆμοῦσῳ
1674 2928 2004 3025 gratiam
2054 2931 2255 3018 iniit,
2337 2929 2485 3028 qui'

275 3052 513 3130 dictis
543 3051 816 3128 dicbus
850 3074 1100 3127 eneas
1126 3050 1519 3129 machinas
1544 3053 1861 3154 fastigio
1889 3056 2192 3157 Templi
2216 3056 2476 3131 Beatae

278 3177 555 3254 Maria
616 3199 1051 3276 suspensas,
1132 3187 1217 3252 et
1273 3176 1372 3252 ad
1452 3177 1699 3255 divini
1763 3179 2100 3255 numinis
2180 3180 2477 3256 cultum

284 3302 574 3378 Clu-isti
607 3300 1079 3401 professores
1110 3303 1569 3403 plerumque
1597 3305 2084 3392 advocantes,
2117 3313 2478 3381 exercent

285 3436 520 3527 atque
571 3426 657 3502 in
712 3429 1121 3504 numerum
1170 3428 1501 3528 pulsant.
1634 3417 1794 3504 Illis
1855 3447 2024 3503 sese
2078 3429 2480 3504 duetorem

284 3553 789 3630 libentissime
822 3553 1205 3654 praebuit3
1257 3561 1365 3640 et,
1408 3551 1620 3652 quod
1666 3551 1889 3626 multi
1937 3550 2482 3650 impugnarint,

286 3679 843 3756 exercitatione
915 3678 1383 3778 defatigatus
1436 3678 1673 3764 dono,
1749 3676 1958 3774 quod
2017 3684 2483 3755 testamento

286 3803 683 3903 legaverat
718 3802 1051 3878 Domina
1078 3801 1578 3901 margareta,
1626 3825 1802 3877 cum
1846 3810 2017 3878 toto
2050 3802 2286 3879 choro
2317 3823 2489 3880 sese

292 3950 638 4005 recreare
670 3951 765 4004 ac
798 3925 1108 4014 reficere
1140 3950 1296 4004 non
1330 3926 1635 4003 nolebat
1656 3928 2180 4012 ;.accedebant
2213 3930 2483 4006 eodem

296 4055 409 4130 sal
456 4053 853 4154 quoddam
901 4053 1349 4152 facetiaeque
1399 4053 1640 4130 libero
1686 4076 1776 4129 ac
1822 4053 2136 4130 remisso
2180 4053 2487 4131 homine

399 4302 627 4382 Hanc
651 4301 1269 4402 qualemcunque
1298 4302 1398 4378 de
1434 4303 1791 4382 Dawesio
1839 4304 2196 4380 notitiam
2229 4325 2494 4403 accep·

303 4433 467 4500 tam
514 4424 771 4502 refero
805 4427 1104 4504 auctori
1137 4427 1221 4502 in
1270 4427 1412 4501 hae
1462 4449 1546 4500 re
1581 4436 1788 4500 certe
1821 4425 2296 4520 gravissimo,
2348 4423 2495 4499 Re-
