<?xml version="1.0" encoding="UTF-8"?>
<!DOCTYPE html PUBLIC "-//W3C//DTD XHTML 1.0 Transitional//EN"
    "http://www.w3.org/TR/xhtml1/DTD/xhtml1-transitional.dtd">
<html xmlns="http://www.w3.org/1999/xhtml" xml:lang="en" lang="en">
 <head>
  <title>
</title>
<meta http-equiv="Content-Type" content="text/html;charset=utf-8" />
  <meta name='ocr-system' content='tesseract 3.04.00' />
  <meta name='ocr-capabilities' content='ocr_page ocr_carea ocr_par ocr_line ocrx_word'/>
</head>
<body>
  <div class='ocr_page' id='page_1' title='image "./ricardidawesiim02kiddgoog_0033.png"; bbox 0 0 3032 4898; ppageno 0'>
   <div class='ocr_carea' id='block_1_1' title="bbox 546 407 1856 480">
    <p class='ocr_par' dir='ltr' id='par_1_1' title="bbox 546 407 1856 480">
     <span class='ocr_line' id='line_1_1' title="bbox 546 407 1856 480; baseline -0.002 0"><span class='ocrx_word' id='word_1_1' title='bbox 546 407 700 480; x_wconf 81' lang='lat' dir='ltr'><strong>xii*</strong></span> <span class='ocrx_word' id='word_1_2' title='bbox 1424 426 1856 479; x_wconf 61' lang='lat' dir='ltr'><strong>runnu-10.</strong></span> 
     </span>
    </p>
   </div>
   <div class='ocr_carea' id='block_1_2' title="bbox 474 602 2747 4575">
    <p class='ocr_par' dir='ltr' id='par_1_2' title="bbox 545 602 2746 2580">
     <span class='ocr_line' id='line_1_2' title="bbox 545 602 2737 706; baseline -0.002 -23"><span class='ocrx_word' id='word_1_3' title='bbox 545 607 695 683; x_wconf 82' lang='lat' dir='ltr'><strong>tias</strong></span> <span class='ocrx_word' id='word_1_4' title='bbox 726 614 808 681; x_wconf 84' lang='lat' dir='ltr'><strong>et</strong></span> <span class='ocrx_word' id='word_1_5' title='bbox 840 628 1066 705; x_wconf 83' lang='lat' dir='ltr'><strong>agere</strong></span> <span class='ocrx_word' id='word_1_6' title='bbox 1094 615 1177 681; x_wconf 90' lang='lat' dir='ltr'><strong>et</strong></span> <span class='ocrx_word' id='word_1_7' title='bbox 1208 605 1489 682; x_wconf 86' lang='lat' dir='ltr'><strong>habere</strong></span> <span class='ocrx_word' id='word_1_8' title='bbox 1522 607 1768 683; x_wconf 85' lang='lat' dir='ltr'><strong>debeo</strong></span> <span class='ocrx_word' id='word_1_9' title='bbox 1792 613 2109 706; x_wconf 86' lang='lat' dir='ltr'><strong>propter</strong></span> <span class='ocrx_word' id='word_1_10' title='bbox 2136 605 2398 681; x_wconf 80' lang='lat' dir='ltr'><strong>literas</strong></span> <span class='ocrx_word' id='word_1_11' title='bbox 2433 624 2612 679; x_wconf 82' lang='lat' dir='ltr'><strong>suas</strong></span> <span class='ocrx_word' id='word_1_12' title='bbox 2636 602 2737 679; x_wconf 83' lang='lat' dir='ltr'><strong>de</strong></span> 
     </span>
     <span class='ocr_line' id='line_1_3' title="bbox 547 729 2739 831; baseline -0.002 -24"><span class='ocrx_word' id='word_1_13' title='bbox 547 729 889 807; x_wconf 81' lang='lat' dir='ltr'><strong>metricis</strong></span> <span class='ocrx_word' id='word_1_14' title='bbox 941 729 1236 807; x_wconf 87' lang='lat' dir='ltr'><strong>viribus</strong></span> <span class='ocrx_word' id='word_1_15' title='bbox 1293 730 1703 831; x_wconf 73' lang='lat' dir='ltr'><strong>inceptivas</strong></span> <span class='ocrx_word' id='word_1_16' title='bbox 1759 737 1892 819; x_wconf 78' lang='grc' dir='ltr'><strong>Ρῶ,</strong></span> <span class='ocrx_word' id='word_1_17' title='bbox 1965 752 2154 831; x_wconf 86' lang='lat' dir='ltr'><strong>quas</strong></span> <span class='ocrx_word' id='word_1_18' title='bbox 2212 731 2404 807; x_wconf 84' lang='lat' dir='ltr'><strong>meis</strong></span> <span class='ocrx_word' id='word_1_19' title='bbox 2469 729 2739 805; x_wconf 80' lang='lat' dir='ltr'><strong>usibus</strong></span> 
     </span>
     <span class='ocr_line' id='line_1_4' title="bbox 551 854 2744 955; baseline -0 -26"><span class='ocrx_word' id='word_1_20' title='bbox 551 855 755 929; x_wconf 88' lang='lat' dir='ltr'><strong>ultro</strong></span> <span class='ocrx_word' id='word_1_21' title='bbox 788 855 1093 930; x_wconf 87' lang='lat' dir='ltr'><strong>obtulit.</strong></span> <span class='ocrx_word' id='word_1_22' title='bbox 1148 856 1341 931; x_wconf 88' lang='lat' dir='ltr'><strong>Vide</strong></span> <span class='ocrx_word' id='word_1_23' title='bbox 1390 855 1588 933; x_wconf 81' lang='lat' dir='ltr'><strong>infra</strong></span> <span class='ocrx_word' id='word_1_24' title='bbox 1633 879 1763 955; x_wconf 89' lang='lat' dir='ltr'><strong>pp.</strong></span> <span class='ocrx_word' id='word_1_25' title='bbox 1800 861 2176 931; x_wconf 75' lang='lat'><strong>292-94.</strong></span> <span class='ocrx_word' id='word_1_26' title='bbox 2284 856 2400 931; x_wconf 91' lang='lat' dir='ltr'><strong>De</strong></span> <span class='ocrx_word' id='word_1_27' title='bbox 2447 854 2744 953; x_wconf 90' lang='lat' dir='ltr'><strong>discep-</strong></span> 
     </span>
     <span class='ocr_line' id='line_1_5' title="bbox 550 979 2741 1085; baseline -0.001 -29"><span class='ocrx_word' id='word_1_28' title='bbox 550 981 991 1085; x_wconf 86' lang='lat' dir='ltr'><strong>tationibus,</strong></span> <span class='ocrx_word' id='word_1_29' title='bbox 1067 1005 1240 1079; x_wconf 81' lang='lat' dir='ltr'><strong>quae</strong></span> <span class='ocrx_word' id='word_1_30' title='bbox 1296 1004 1395 1056; x_wconf 79' lang='lat' dir='ltr'><strong>ex</strong></span> <span class='ocrx_word' id='word_1_31' title='bbox 1449 982 1592 1056; x_wconf 88' lang='lat' dir='ltr'><strong>hac</strong></span> <span class='ocrx_word' id='word_1_32' title='bbox 1652 981 1990 1057; x_wconf 85' lang='lat' dir='ltr'><strong>sectione</strong></span> <span class='ocrx_word' id='word_1_33' title='bbox 2044 980 2508 1067; x_wconf 71' lang='lat' dir='ltr'><strong>exoriantur,</strong></span> <span class='ocrx_word' id='word_1_34' title='bbox 2557 979 2741 1054; x_wconf 87' lang='lat' dir='ltr'><strong>alias</strong></span> 
     </span>
     <span class='ocr_line' id='line_1_6' title="bbox 550 1100 2740 1204; baseline 0 -25"><span class='ocrx_word' id='word_1_35' title='bbox 550 1102 873 1180; x_wconf 83' lang='lat' dir='ltr'><strong>fortasse</strong></span> <span class='ocrx_word' id='word_1_36' title='bbox 908 1104 1158 1180; x_wconf 90' lang='lat' dir='ltr'><strong>dicam</strong></span> <span class='ocrx_word' id='word_1_37' title='bbox 1180 1100 1217 1191; x_wconf 76' lang='grc'><strong>;’</strong></span> <span class='ocrx_word' id='word_1_38' title='bbox 1255 1105 1548 1181; x_wconf 84' lang='lat' dir='ltr'><strong>interea</strong></span> <span class='ocrx_word' id='word_1_39' title='bbox 1578 1116 1834 1181; x_wconf 88' lang='lat' dir='ltr'><strong>totum</strong></span> <span class='ocrx_word' id='word_1_40' title='bbox 1868 1129 1990 1180; x_wconf 88' lang='lat' dir='ltr'><strong>me</strong></span> <span class='ocrx_word' id='word_1_41' title='bbox 2044 1105 2124 1180; x_wconf 93' lang='lat' dir='ltr'><strong>in</strong></span> <span class='ocrx_word' id='word_1_42' title='bbox 2168 1105 2522 1204; x_wconf 79' lang='lat' dir='ltr'><strong>gravium</strong></span> <span class='ocrx_word' id='word_1_43' title='bbox 2560 1127 2740 1203; x_wconf 90' lang='lat' dir='ltr'><strong>pro·</strong></span> 
     </span>
     <span class='ocr_line' id='line_1_7' title="bbox 551 1228 2740 1329; baseline 0.001 -27"><span class='ocrx_word' id='word_1_44' title='bbox 551 1229 1060 1327; x_wconf 88' lang='lat' dir='ltr'><strong>batorumque</strong></span> <span class='ocrx_word' id='word_1_45' title='bbox 1118 1228 1582 1304; x_wconf 87' lang='lat' dir='ltr'><strong>Criticorum</strong></span> <span class='ocrx_word' id='word_1_46' title='bbox 1642 1231 2073 1308; x_wconf 77' lang='lat' dir='ltr'><strong>clientelam</strong></span> <span class='ocrx_word' id='word_1_47' title='bbox 2129 1255 2220 1307; x_wconf 89' lang='lat' dir='ltr'><strong>ac</strong></span> <span class='ocrx_word' id='word_1_48' title='bbox 2255 1232 2740 1329; x_wconf 81' lang='lat' dir='ltr'><strong>disciplinam</strong></span> 
     </span>
     <span class='ocr_line' id='line_1_8' title="bbox 552 1355 2742 1456; baseline 0.001 -26"><span class='ocrx_word' id='word_1_49' title='bbox 552 1355 852 1444; x_wconf 82' lang='lat' dir='ltr'><strong>addico,</strong></span> <span class='ocrx_word' id='word_1_50' title='bbox 920 1356 1056 1453; x_wconf 88' lang='lat' dir='ltr'><strong>qui</strong></span> <span class='ocrx_word' id='word_1_51' title='bbox 1110 1355 1358 1432; x_wconf 90' lang='lat' dir='ltr'><strong>secuti</strong></span> <span class='ocrx_word' id='word_1_52' title='bbox 1417 1366 1599 1433; x_wconf 84' lang='lat' dir='ltr'><strong>sunt</strong></span> <span class='ocrx_word' id='word_1_53' title='bbox 1668 1357 2092 1456; x_wconf 79' lang='lat' dir='ltr'><strong>probabilia</strong></span> <span class='ocrx_word' id='word_1_54' title='bbox 2145 1366 2226 1431; x_wconf 86' lang='lat' dir='ltr'><strong>et</strong></span> <span class='ocrx_word' id='word_1_55' title='bbox 2283 1356 2742 1432; x_wconf 88' lang='lat' dir='ltr'><strong>auctoritate</strong></span> 
     </span>
     <span class='ocr_line' id='line_1_9' title="bbox 554 1481 2744 1581; baseline 0 -27"><span class='ocrx_word' id='word_1_56' title='bbox 554 1481 875 1569; x_wconf 85' lang='lat' dir='ltr'><strong>munita,</strong></span> <span class='ocrx_word' id='word_1_57' title='bbox 914 1504 1059 1557; x_wconf 88' lang='lat' dir='ltr'><strong>nec</strong></span> <span class='ocrx_word' id='word_1_58' title='bbox 1096 1481 1299 1556; x_wconf 86' lang='lat' dir='ltr'><strong>ultra</strong></span> <span class='ocrx_word' id='word_1_59' title='bbox 1331 1482 1695 1580; x_wconf 84' lang='lat' dir='ltr'><strong>progredi</strong></span> <span class='ocrx_word' id='word_1_60' title='bbox 1732 1490 2174 1581; x_wconf 86' lang='lat' dir='ltr'><strong>potuerunt.</strong></span> <span class='ocrx_word' id='word_1_61' title='bbox 2265 1482 2355 1555; x_wconf 86' lang='lat' dir='ltr'><strong>ln</strong></span> <span class='ocrx_word' id='word_1_62' title='bbox 2391 1481 2744 1556; x_wconf 83' lang='lat' dir='ltr'><strong>omnibus</strong></span> 
     </span>
     <span class='ocr_line' id='line_1_10' title="bbox 553 1604 2742 1703; baseline -0.001 -22"><span class='ocrx_word' id='word_1_63' title='bbox 553 1604 995 1703; x_wconf 85' lang='lat' dir='ltr'><strong>hujusmodi</strong></span> <span class='ocrx_word' id='word_1_64' title='bbox 1030 1608 1261 1681; x_wconf 89' lang='lat' dir='ltr'><strong>rebus</strong></span> <span class='ocrx_word' id='word_1_65' title='bbox 1292 1606 1706 1694; x_wconf 67' lang='lat' dir='ltr'><strong>Ammonio,</strong></span> <span class='ocrx_word' id='word_1_66' title='bbox 1749 1617 2114 1703; x_wconf 86' lang='lat' dir='ltr'><strong>tanquam</strong></span> <span class='ocrx_word' id='word_1_67' title='bbox 2146 1606 2349 1694; x_wconf 89' lang='lat' dir='ltr'><strong>duci,</strong></span> <span class='ocrx_word' id='word_1_68' title='bbox 2392 1614 2570 1681; x_wconf 88' lang='lat' dir='ltr'><strong>tuto</strong></span> <span class='ocrx_word' id='word_1_69' title='bbox 2604 1606 2742 1680; x_wconf 83' lang='lat' dir='ltr'><strong>ob·</strong></span> 
     </span>
     <span class='ocr_line' id='line_1_11' title="bbox 554 1728 2744 1831; baseline -0 -28"><span class='ocrx_word' id='word_1_70' title='bbox 554 1752 1006 1829; x_wconf 85' lang='lat' dir='ltr'><strong>sequamur;</strong></span> <span class='ocrx_word' id='word_1_71' title='bbox 1060 1730 1156 1805; x_wconf 81' lang='lat' dir='ltr'><strong>de</strong></span> <span class='ocrx_word' id='word_1_72' title='bbox 1194 1731 1547 1831; x_wconf 76' lang='lat' dir='ltr'><strong>Categor.</strong></span> <span class='ocrx_word' id='word_1_73' title='bbox 1563 1733 1651 1831; x_wconf 82' lang='lat' dir='ltr'><strong>f.</strong></span> <span class='ocrx_word' id='word_1_74' title='bbox 1685 1738 1760 1805; x_wconf 83' lang='lat'><strong>9.</strong></span> <span class='ocrx_word' id='word_1_75' title='bbox 1819 1731 2070 1804; x_wconf 82' lang='lat' dir='ltr'><strong>Venet.</strong></span> <span class='ocrx_word' id='word_1_76' title='bbox 2116 1736 2333 1804; x_wconf 83' lang='lat'>1546.</span> <span class='ocrx_word' id='word_1_77' title='bbox 2372 1735 2468 1803; x_wconf 79' lang='grc' dir='ltr'><strong>8ο.</strong></span> <span class='ocrx_word' id='word_1_78' title='bbox 2553 1728 2637 1802; x_wconf 81' lang='lat' dir='ltr'><strong>&#39;O</strong></span> <span class='ocrx_word' id='word_1_79' title='bbox 2677 1730 2744 1803; x_wconf 73' lang='grc' dir='ltr'><strong>δὲ</strong></span> 
     </span>
     <span class='ocr_line' id='line_1_12' title="bbox 554 1854 2746 1955; baseline 0 -28"><span class='ocrx_word' id='word_1_80' title='bbox 554 1859 805 1928; x_wconf 65' lang='lat' dir='ltr'><strong>roi-rav</strong></span> <span class='ocrx_word' id='word_1_81' title='bbox 854 1858 1281 1955; x_wconf 73' lang='grc' dir='ltr'><strong>ἐξηγοΰμενος</strong></span> <span class='ocrx_word' id='word_1_82' title='bbox 1314 1856 1552 1951; x_wconf 71' lang='grc' dir='ltr'><strong>ὀφείλει</strong></span> <span class='ocrx_word' id='word_1_83' title='bbox 1595 1859 1750 1951; x_wconf 68' lang='grc' dir='ltr'><strong>μήτε</strong></span> <span class='ocrx_word' id='word_1_84' title='bbox 1790 1855 1934 1929; x_wconf 72' lang='grc' dir='ltr'><strong>κατ’</strong></span> <span class='ocrx_word' id='word_1_85' title='bbox 1967 1854 2217 1929; x_wconf 74' lang='grc' dir='ltr'><strong>εὔνοιαν</strong></span> <span class='ocrx_word' id='word_1_86' title='bbox 2269 1858 2610 1954; x_wconf 73' lang='grc' dir='ltr'>ἐπιχειρεῖν</span> <span class='ocrx_word' id='word_1_87' title='bbox 2662 1857 2746 1928; x_wconf 67' lang='grc' dir='ltr'><strong>τὰ</strong></span> 
     </span>
     <span class='ocr_line' id='line_1_13' title="bbox 553 1980 2745 2082; baseline 0.001 -29"><span class='ocrx_word' id='word_1_88' title='bbox 553 1987 772 2065; x_wconf 70' lang='grc' dir='ltr'><strong><em>κακῶς</em></strong></span> <span class='ocrx_word' id='word_1_89' title='bbox 804 1984 1125 2082; x_wconf 69' lang='grc' dir='ltr'><strong>λεγόμενα</strong></span> <span class='ocrx_word' id='word_1_90' title='bbox 1174 1983 1508 2080; x_wconf 73' lang='grc' dir='ltr'><strong>συνιστᾷν,</strong></span> <span class='ocrx_word' id='word_1_91' title='bbox 1560 1980 1669 2055; x_wconf 74' lang='grc' dir='ltr'><strong>καὶ</strong></span> <span class='ocrx_word' id='word_1_92' title='bbox 1725 1984 1815 2063; x_wconf 71' lang='grc' dir='ltr'><strong>ὧς</strong></span> <span class='ocrx_word' id='word_1_93' title='bbox 1861 1980 1998 2055; x_wconf 65' lang='grc' dir='ltr'><strong>ἀπὸ</strong></span> <span class='ocrx_word' id='word_1_94' title='bbox 2039 1981 2347 2080; x_wconf 70' lang='grc' dir='ltr'><strong>τρίποδος</strong></span> <span class='ocrx_word' id='word_1_95' title='bbox 2386 1986 2592 2054; x_wconf 72' lang='grc' dir='ltr'>ταῦτα</span> <span class='ocrx_word' id='word_1_96' title='bbox 2641 1982 2745 2055; x_wconf 79' lang='grc' dir='ltr'>δε·-</span> 
     </span>
     <span class='ocr_line' id='line_1_14' title="bbox 552 2101 2744 2206; baseline 0 -28"><span class='ocrx_word' id='word_1_97' title='bbox 552 2108 808 2204; x_wconf 75' lang='grc' dir='ltr'>χεσθαι,</span> <span class='ocrx_word' id='word_1_98' title='bbox 841 2107 996 2197; x_wconf 60' lang='lat' dir='ltr'><strong>paim</strong></span> <span class='ocrx_word' id='word_1_99' title='bbox 1040 2110 1118 2179; x_wconf 74' lang='grc' dir='ltr'><strong>τὰ</strong></span> <span class='ocrx_word' id='word_1_100' title='bbox 1167 2110 1342 2181; x_wconf 67' lang='grc' dir='ltr'><strong>καλὲ</strong></span> <span class='ocrx_word' id='word_1_101' title='bbox 1376 2107 1809 2203; x_wconf 61' lang='grc' dir='ltr'><strong>κακοῐρόπως</strong></span> <span class='ocrx_word' id='word_1_102' title='bbox 1858 2101 2157 2205; x_wconf 68' lang='grc' dir='ltr'><strong>δέχεσθαι</strong></span> <span class='ocrx_word' id='word_1_103' title='bbox 2188 2103 2331 2178; x_wconf 78' lang='grc' dir='ltr'><strong>κατ’</strong></span> <span class='ocrx_word' id='word_1_104' title='bbox 2366 2104 2744 2206; x_wconf 73' lang='grc' dir='ltr'><strong>ἆπέχθειαν,</strong></span> 
     </span>
     <span class='ocr_line' id='line_1_15' title="bbox 553 2228 2744 2329; baseline 0 -28"><span class='ocrx_word' id='word_1_105' title='bbox 553 2228 738 2301; x_wconf 59' lang='lat' dir='ltr'><strong>md</strong></span> <span class='ocrx_word' id='word_1_106' title='bbox 780 2233 1005 2329; x_wconf 73' lang='grc' dir='ltr'><strong>κριτὴς</strong></span> <span class='ocrx_word' id='word_1_107' title='bbox 1056 2230 1308 2314; x_wconf 67' lang='grc' dir='ltr'><strong><em>ἆταθῆς</em></strong></span> <span class='ocrx_word' id='word_1_108' title='bbox 1348 2237 1481 2304; x_wconf 58' lang='lat' dir='ltr'><strong>estu</strong></span> <span class='ocrx_word' id='word_1_109' title='bbox 1535 2233 1910 2329; x_wconf 68' lang='grc' dir='ltr'><strong>λεγομένων</strong></span> <span class='ocrx_word' id='word_1_110' title='bbox 1953 2232 2300 2329; x_wconf 72' lang='grc' dir='ltr'><strong>ὖπῖιρχειν·</strong></span> <span class='ocrx_word' id='word_1_111' title='bbox 2357 2229 2466 2303; x_wconf 73' lang='grc' dir='ltr'><strong>καὶ</strong></span> <span class='ocrx_word' id='word_1_112' title='bbox 2517 2235 2744 2328; x_wconf 58' lang='grc' dir='ltr'><strong>τρῧϊι</strong></span> 
     </span>
     <span class='ocr_line' id='line_1_16' title="bbox 552 2354 2744 2456; baseline -0.001 -29"><span class='ocrx_word' id='word_1_113' title='bbox 552 2356 666 2443; x_wconf 76' lang='grc' dir='ltr'><strong>μὲν</strong></span> <span class='ocrx_word' id='word_1_114' title='bbox 696 2357 817 2437; x_wconf 77' lang='grc' dir='ltr'><strong>τὴν</strong></span> <span class='ocrx_word' id='word_1_115' title='bbox 848 2356 1143 2429; x_wconf 71' lang='grc' dir='ltr'><strong>διανοίην</strong></span> <span class='ocrx_word' id='word_1_116' title='bbox 1188 2360 1307 2429; x_wconf 73' lang='grc' dir='ltr'><strong>τοῦ</strong></span> <span class='ocrx_word' id='word_1_117' title='bbox 1356 2354 1640 2456; x_wconf 70' lang='grc' dir='ltr'><strong>ἀρχαίου</strong></span> <span class='ocrx_word' id='word_1_118' title='bbox 1689 2359 2074 2449; x_wconf 70' lang='grc' dir='ltr'><strong>σαφηνίζειν,</strong></span> <span class='ocrx_word' id='word_1_119' title='bbox 2116 2354 2221 2428; x_wconf 76' lang='grc' dir='ltr'><strong>καὶ</strong></span> <span class='ocrx_word' id='word_1_120' title='bbox 2279 2355 2629 2456; x_wconf 71' lang='grc' dir='ltr'><strong>ἐρμηνιῦειν</strong></span> <span class='ocrx_word' id='word_1_121' title='bbox 2661 2354 2744 2426; x_wconf 72' lang='grc' dir='ltr'><strong>τὲ</strong></span> 
     </span>
     <span class='ocr_line' id='line_1_17' title="bbox 551 2477 2527 2580; baseline 0.002 -26"><span class='ocrx_word' id='word_1_122' title='bbox 551 2479 725 2577; x_wconf 59' lang='lat' dir='ltr'><strong>nitroso</strong></span> <span class='ocrx_word' id='word_1_123' title='bbox 760 2482 1097 2555; x_wconf 74' lang='grc' dir='ltr'>δοκοῦντα·</span> <span class='ocrx_word' id='word_1_124' title='bbox 1131 2477 1344 2555; x_wconf 74' lang='grc' dir='ltr'><strong>’ἔπειτα</strong></span> <span class='ocrx_word' id='word_1_125' title='bbox 1378 2484 1501 2565; x_wconf 72' lang='grc' dir='ltr'><strong>τὴν</strong></span> <span class='ocrx_word' id='word_1_126' title='bbox 1537 2481 1692 2579; x_wconf 74' lang='grc' dir='ltr'><strong>παρ’</strong></span> <span class='ocrx_word' id='word_1_127' title='bbox 1727 2480 1926 2577; x_wconf 55' lang='lat' dir='ltr'><strong>emm}</strong></span> <span class='ocrx_word' id='word_1_128' title='bbox 1953 2480 2263 2580; x_wconf 72' lang='grc' dir='ltr'><strong>ἐπιφέρειν</strong></span> <span class='ocrx_word' id='word_1_129' title='bbox 2287 2481 2527 2579; x_wconf 70' lang='grc' dir='ltr'><strong>κρίσιν.</strong></span> 
     </span>
    </p>

    <p class='ocr_par' dir='ltr' id='par_1_3' title="bbox 474 2599 2747 4575">
     <span class='ocr_line' id='line_1_18' title="bbox 652 2599 2742 2702; baseline -0.001 -25"><span class='ocrx_word' id='word_1_130' title='bbox 652 2604 747 2679; x_wconf 88' lang='lat' dir='ltr'><strong>V.</strong></span> <span class='ocrx_word' id='word_1_131' title='bbox 801 2604 1175 2702; x_wconf 83' lang='lat' dir='ltr'><strong>Quisquis</strong></span> <span class='ocrx_word' id='word_1_132' title='bbox 1198 2604 1479 2681; x_wconf 83' lang='lat' dir='ltr'><strong>Atticae</strong></span> <span class='ocrx_word' id='word_1_133' title='bbox 1510 2603 1874 2681; x_wconf 85' lang='lat' dir='ltr'><strong>dictionis</strong></span> <span class='ocrx_word' id='word_1_134' title='bbox 1910 2604 2318 2680; x_wconf 74' lang='lat' dir='ltr'><strong>sanitatem</strong></span> <span class='ocrx_word' id='word_1_135' title='bbox 2349 2599 2742 2678; x_wconf 81' lang='lat' dir='ltr'><strong>addiscere</strong></span> 
     </span>
     <span class='ocr_line' id='line_1_19' title="bbox 474 2727 2746 2828; baseline -0.001 -25"><span class='ocrx_word' id='word_1_136' title='bbox 474 2753 481 2762; x_wconf 58' lang='lat'>²</span> <span class='ocrx_word' id='word_1_137' title='bbox 550 2729 870 2827; x_wconf 82' lang='lat' dir='ltr'><strong>cogitat,</strong></span> <span class='ocrx_word' id='word_1_138' title='bbox 901 2728 1097 2803; x_wconf 88' lang='lat' dir='ltr'><strong>hanc</strong></span> <span class='ocrx_word' id='word_1_139' title='bbox 1132 2730 1551 2805; x_wconf 80' lang='lat' dir='ltr'><strong>sectionem</strong></span> <span class='ocrx_word' id='word_1_140' title='bbox 1575 2731 1818 2827; x_wconf 80' lang='lat' dir='ltr'><strong>legat3</strong></span> <span class='ocrx_word' id='word_1_141' title='bbox 1855 2732 1990 2828; x_wconf 89' lang='lat' dir='ltr'><strong>qui</strong></span> <span class='ocrx_word' id='word_1_142' title='bbox 2023 2740 2359 2806; x_wconf 88' lang='lat' dir='ltr'><strong>mentem</strong></span> <span class='ocrx_word' id='word_1_143' title='bbox 2386 2752 2478 2804; x_wconf 90' lang='lat' dir='ltr'><strong>ea</strong></span> <span class='ocrx_word' id='word_1_144' title='bbox 2499 2727 2746 2802; x_wconf 86' lang='lat' dir='ltr'><strong>imbu-</strong></span> 
     </span>
     <span class='ocr_line' id='line_1_20' title="bbox 548 2850 2746 2952; baseline 0 -24"><span class='ocrx_word' id='word_1_145' title='bbox 548 2861 709 2928; x_wconf 78' lang='lat' dir='ltr'><strong>tam</strong></span> <span class='ocrx_word' id='word_1_146' title='bbox 750 2850 1132 2951; x_wconf 76' lang='lat' dir='ltr'><strong>pel-cupit,</strong></span> <span class='ocrx_word' id='word_1_147' title='bbox 1182 2851 1379 2926; x_wconf 82' lang='lat' dir='ltr'><strong>hanc</strong></span> <span class='ocrx_word' id='word_1_148' title='bbox 1412 2853 1838 2927; x_wconf 86' lang='lat' dir='ltr'><strong>sectionem</strong></span> <span class='ocrx_word' id='word_1_149' title='bbox 1864 2855 2177 2949; x_wconf 85' lang='lat' dir='ltr'><strong>relegat.</strong></span> <span class='ocrx_word' id='word_1_150' title='bbox 2282 2852 2574 2927; x_wconf 92' lang='lat' dir='ltr'><strong>Nullibi</strong></span> <span class='ocrx_word' id='word_1_151' title='bbox 2609 2876 2746 2952; x_wconf 88' lang='lat' dir='ltr'><strong>ap·-</strong></span> 
     </span>
     <span class='ocr_line' id='line_1_21' title="bbox 549 2974 2747 3075; baseline 0.002 -25"><span class='ocrx_word' id='word_1_152' title='bbox 549 2985 828 3075; x_wconf 84' lang='lat' dir='ltr'><strong>parent</strong></span> <span class='ocrx_word' id='word_1_153' title='bbox 862 2982 1295 3050; x_wconf 86' lang='lat' dir='ltr'><strong>commenta</strong></span> <span class='ocrx_word' id='word_1_154' title='bbox 1345 2974 1522 3061; x_wconf 81' lang='lat' dir='ltr'><strong>ista,</strong></span> <span class='ocrx_word' id='word_1_155' title='bbox 1567 2996 1741 3071; x_wconf 84' lang='lat' dir='ltr'><strong>quae</strong></span> <span class='ocrx_word' id='word_1_156' title='bbox 1774 2974 2115 3049; x_wconf 89' lang='lat' dir='ltr'><strong>eruditos</strong></span> <span class='ocrx_word' id='word_1_157' title='bbox 2153 2974 2610 3064; x_wconf 86' lang='lat' dir='ltr'><strong>distrahunt,</strong></span> <span class='ocrx_word' id='word_1_158' title='bbox 2662 2987 2747 3054; x_wconf 87' lang='lat' dir='ltr'><strong>et</strong></span> 
     </span>
     <span class='ocr_line' id='line_1_22' title="bbox 549 3099 2742 3200; baseline 0.001 -25"><span class='ocrx_word' id='word_1_159' title='bbox 549 3101 897 3200; x_wconf 85' lang='lat' dir='ltr'><strong>palantes</strong></span> <span class='ocrx_word' id='word_1_160' title='bbox 932 3099 1085 3174; x_wconf 88' lang='lat' dir='ltr'><strong>huc</strong></span> <span class='ocrx_word' id='word_1_161' title='bbox 1118 3099 1304 3173; x_wconf 87' lang='lat' dir='ltr'><strong>illuc</strong></span> <span class='ocrx_word' id='word_1_162' title='bbox 1328 3109 1617 3197; x_wconf 57' lang='lat' dir='ltr'><strong>agnum</strong></span> <span class='ocrx_word' id='word_1_163' title='bbox 1669 3099 1805 3174; x_wconf 82' lang='lat' dir='ltr'><strong>sed</strong></span> <span class='ocrx_word' id='word_1_164' title='bbox 1841 3099 2050 3196; x_wconf 84' lang='lat' dir='ltr'><strong>leges</strong></span> <span class='ocrx_word' id='word_1_165' title='bbox 2076 3099 2628 3197; x_wconf 74' lang='lat' dir='ltr'><strong>quadamtenus</strong></span> <span class='ocrx_word' id='word_1_166' title='bbox 2660 3100 2742 3177; x_wconf 90' lang='lat' dir='ltr'><strong>in</strong></span> 
     </span>
     <span class='ocr_line' id='line_1_23' title="bbox 550 3223 2742 3326; baseline 0 -25"><span class='ocrx_word' id='word_1_167' title='bbox 550 3227 722 3326; x_wconf 81' lang='lat' dir='ltr'><strong>ipsa</strong></span> <span class='ocrx_word' id='word_1_168' title='bbox 754 3225 1039 3323; x_wconf 64' lang='lat' dir='ltr'><strong>lingum</strong></span> <span class='ocrx_word' id='word_1_169' title='bbox 1074 3224 1329 3299; x_wconf 89' lang='lat' dir='ltr'><strong>indole</strong></span> <span class='ocrx_word' id='word_1_170' title='bbox 1360 3223 1742 3310; x_wconf 79' lang='lat' dir='ltr'><strong>fundatae3</strong></span> <span class='ocrx_word' id='word_1_171' title='bbox 1779 3223 1914 3299; x_wconf 90' lang='lat' dir='ltr'><strong>sed</strong></span> <span class='ocrx_word' id='word_1_172' title='bbox 1951 3246 2279 3299; x_wconf 86' lang='lat' dir='ltr'><strong>canones</strong></span> <span class='ocrx_word' id='word_1_173' title='bbox 2315 3225 2624 3301; x_wconf 83' lang='lat' dir='ltr'><strong>stabiles</strong></span> <span class='ocrx_word' id='word_1_174' title='bbox 2650 3250 2742 3302; x_wconf 84' lang='lat' dir='ltr'><strong>ac</strong></span> 
     </span>
     <span class='ocr_line' id='line_1_24' title="bbox 550 3346 2745 3452; baseline 0 -26"><span class='ocrx_word' id='word_1_175' title='bbox 550 3373 952 3452; x_wconf 85' lang='lat' dir='ltr'><strong>perennes,</strong></span> <span class='ocrx_word' id='word_1_176' title='bbox 1011 3348 1147 3446; x_wconf 88' lang='lat' dir='ltr'><strong>qui</strong></span> <span class='ocrx_word' id='word_1_177' title='bbox 1201 3347 1716 3447; x_wconf 88' lang='lat' dir='ltr'><strong>disquisitioni</strong></span> <span class='ocrx_word' id='word_1_178' title='bbox 1777 3346 2161 3424; x_wconf 82' lang='lat' dir='ltr'><strong>acerrimae</strong></span> <span class='ocrx_word' id='word_1_179' title='bbox 2194 3348 2518 3426; x_wconf 85' lang='lat' dir='ltr'><strong>fideliter</strong></span> <span class='ocrx_word' id='word_1_180' title='bbox 2565 3349 2745 3426; x_wconf 86' lang='lat' dir='ltr'><strong>sub·</strong></span> 
     </span>
     <span class='ocr_line' id='line_1_25' title="bbox 542 3471 2744 3575; baseline 0 -24"><span class='ocrx_word' id='word_1_181' title='bbox 542 3475 736 3572; x_wconf 86' lang='lat' dir='ltr'><strong>jecti</strong></span> <span class='ocrx_word' id='word_1_182' title='bbox 771 3497 855 3550; x_wconf 88' lang='lat' dir='ltr'><strong>se</strong></span> <span class='ocrx_word' id='word_1_183' title='bbox 876 3473 1058 3549; x_wconf 88' lang='lat' dir='ltr'><strong>viris</strong></span> <span class='ocrx_word' id='word_1_184' title='bbox 1078 3473 1159 3548; x_wconf 88' lang='lat' dir='ltr'><strong>in</strong></span> <span class='ocrx_word' id='word_1_185' title='bbox 1184 3471 1327 3548; x_wconf 86' lang='lat' dir='ltr'><strong>hac</strong></span> <span class='ocrx_word' id='word_1_186' title='bbox 1362 3472 1712 3573; x_wconf 80' lang='lat' dir='ltr'><strong>palaestra</strong></span> <span class='ocrx_word' id='word_1_187' title='bbox 1743 3474 2295 3551; x_wconf 88' lang='lat' dir='ltr'><strong>desudantibus</strong></span> <span class='ocrx_word' id='word_1_188' title='bbox 2325 3474 2548 3560; x_wconf 78' lang='lat' dir='ltr'><strong>facile</strong></span> <span class='ocrx_word' id='word_1_189' title='bbox 2568 3500 2744 3575; x_wconf 86' lang='lat' dir='ltr'><strong>pro·</strong></span> 
     </span>
     <span class='ocr_line' id='line_1_26' title="bbox 550 3596 2742 3701; baseline 0.002 -28"><span class='ocrx_word' id='word_1_190' title='bbox 550 3599 851 3673; x_wconf 79' lang='lat' dir='ltr'><strong>barunt.</strong></span> <span class='ocrx_word' id='word_1_191' title='bbox 940 3598 1187 3696; x_wconf 81' lang='lat' dir='ltr'><strong>Leges</strong></span> <span class='ocrx_word' id='word_1_192' title='bbox 1221 3596 1594 3672; x_wconf 87' lang='lat' dir='ltr'><strong>divinitus</strong></span> <span class='ocrx_word' id='word_1_193' title='bbox 1629 3600 2116 3701; x_wconf 81' lang='lat' dir='ltr'><strong>praescriptae,</strong></span> <span class='ocrx_word' id='word_1_194' title='bbox 2156 3602 2440 3699; x_wconf 88' lang='lat' dir='ltr'><strong>quibus</strong></span> <span class='ocrx_word' id='word_1_195' title='bbox 2473 3602 2742 3678; x_wconf 83' lang='lat' dir='ltr'><strong>mundi</strong></span> 
     </span>
     <span class='ocr_line' id='line_1_27' title="bbox 552 3721 2744 3825; baseline 0.001 -27"><span class='ocrx_word' id='word_1_196' title='bbox 552 3722 841 3798; x_wconf 81' lang='lat' dir='ltr'><strong>fabrica</strong></span> <span class='ocrx_word' id='word_1_197' title='bbox 872 3721 1228 3810; x_wconf 84' lang='lat' dir='ltr'><strong>cohaeret,</strong></span> <span class='ocrx_word' id='word_1_198' title='bbox 1270 3745 1528 3799; x_wconf 89' lang='lat' dir='ltr'><strong>rerum</strong></span> <span class='ocrx_word' id='word_1_199' title='bbox 1573 3746 1729 3798; x_wconf 81' lang='lat' dir='ltr'><strong>vox</strong></span> <span class='ocrx_word' id='word_1_200' title='bbox 1775 3735 1913 3816; x_wconf 84' lang='lat' dir='ltr'><strong>est,</strong></span> <span class='ocrx_word' id='word_1_201' title='bbox 1969 3735 2262 3802; x_wconf 68' lang='lat' dir='ltr'><strong>naturae</strong></span> <span class='ocrx_word' id='word_1_202' title='bbox 2302 3726 2744 3825; x_wconf 84' lang='lat' dir='ltr'><strong>vestigium,</strong></span> 
     </span>
     <span class='ocr_line' id='line_1_28' title="bbox 552 3843 2746 3948; baseline 0.004 -27"><span class='ocrx_word' id='word_1_203' title='bbox 552 3843 897 3921; x_wconf 79' lang='lat' dir='ltr'><strong>veritatis</strong></span> <span class='ocrx_word' id='word_1_204' title='bbox 966 3853 1171 3920; x_wconf 87' lang='lat' dir='ltr'><strong>nota.</strong></span> <span class='ocrx_word' id='word_1_205' title='bbox 1277 3844 1436 3934; x_wconf 81' lang='lat' dir='ltr'><strong>Eae,</strong></span> <span class='ocrx_word' id='word_1_206' title='bbox 1491 3848 2062 3948; x_wconf 82' lang='lat' dir='ltr'><strong>qualescunque</strong></span> <span class='ocrx_word' id='word_1_207' title='bbox 2119 3860 2324 3939; x_wconf 89' lang='lat' dir='ltr'><strong>sunt,</strong></span> <span class='ocrx_word' id='word_1_208' title='bbox 2386 3861 2746 3932; x_wconf 74' lang='lat' dir='ltr'><strong>maneant</strong></span> 
     </span>
     <span class='ocr_line' id='line_1_29' title="bbox 551 3968 2743 4074; baseline 0.003 -29"><span class='ocrx_word' id='word_1_209' title='bbox 551 3968 1063 4046; x_wconf 84' lang='lat' dir='ltr'><strong>immutabiles</strong></span> <span class='ocrx_word' id='word_1_210' title='bbox 1131 3992 1440 4045; x_wconf 83' lang='lat' dir='ltr'><strong>necesse</strong></span> <span class='ocrx_word' id='word_1_211' title='bbox 1508 3981 1650 4046; x_wconf 86' lang='lat' dir='ltr'><strong>est.</strong></span> <span class='ocrx_word' id='word_1_212' title='bbox 1774 3974 1878 4048; x_wconf 90' lang='lat' dir='ltr'><strong>Iis</strong></span> <span class='ocrx_word' id='word_1_213' title='bbox 1955 3975 2306 4074; x_wconf 85' lang='lat' dir='ltr'><strong>profecto</strong></span> <span class='ocrx_word' id='word_1_214' title='bbox 2394 3975 2743 4052; x_wconf 80' lang='lat' dir='ltr'><strong>mortalia</strong></span> 
     </span>
     <span class='ocr_line' id='line_1_30' title="bbox 552 4094 2741 4195; baseline -0 -21"><span class='ocrx_word' id='word_1_215' title='bbox 552 4105 831 4174; x_wconf 76' lang='lat' dir='ltr'><strong>cuncta</strong></span> <span class='ocrx_word' id='word_1_216' title='bbox 883 4094 1322 4194; x_wconf 88' lang='lat' dir='ltr'><strong>longissime</strong></span> <span class='ocrx_word' id='word_1_217' title='bbox 1378 4096 1716 4182; x_wconf 86' lang='lat' dir='ltr'><strong>cedunt;</strong></span> <span class='ocrx_word' id='word_1_218' title='bbox 1783 4097 1988 4193; x_wconf 89' lang='lat' dir='ltr'><strong>quod</strong></span> <span class='ocrx_word' id='word_1_219' title='bbox 2051 4097 2116 4170; x_wconf 89' lang='lat' dir='ltr'><strong>si</strong></span> <span class='ocrx_word' id='word_1_220' title='bbox 2175 4096 2476 4195; x_wconf 84' lang='lat' dir='ltr'><strong>magnis</strong></span> <span class='ocrx_word' id='word_1_221' title='bbox 2536 4121 2741 4173; x_wconf 87' lang='lat' dir='ltr'><strong>com-</strong></span> 
     </span>
     <span class='ocr_line' id='line_1_31' title="bbox 554 4220 2740 4323; baseline -0 -24"><span class='ocrx_word' id='word_1_222' title='bbox 554 4246 844 4323; x_wconf 88' lang='lat' dir='ltr'><strong>ponere</strong></span> <span class='ocrx_word' id='word_1_223' title='bbox 898 4244 1275 4321; x_wconf 86' lang='lat' dir='ltr'><strong>perparva</strong></span> <span class='ocrx_word' id='word_1_224' title='bbox 1324 4222 1515 4296; x_wconf 85' lang='lat' dir='ltr'><strong>mihi</strong></span> <span class='ocrx_word' id='word_1_225' title='bbox 1565 4222 1821 4308; x_wconf 88' lang='lat' dir='ltr'><strong>liceat,</strong></span> <span class='ocrx_word' id='word_1_226' title='bbox 1873 4221 2139 4297; x_wconf 88' lang='lat' dir='ltr'><strong>critice</strong></span> <span class='ocrx_word' id='word_1_227' title='bbox 2191 4220 2494 4319; x_wconf 80' lang='lat' dir='ltr'><strong>regulas</strong></span> <span class='ocrx_word' id='word_1_228' title='bbox 2562 4245 2740 4298; x_wconf 82' lang='lat' dir='ltr'><strong>suas</strong></span> 
     </span>
     <span class='ocr_line' id='line_1_32' title="bbox 550 4347 2744 4448; baseline 0 -23"><span class='ocrx_word' id='word_1_229' title='bbox 550 4374 649 4425; x_wconf 83' lang='lat' dir='ltr'><strong>ex</strong></span> <span class='ocrx_word' id='word_1_230' title='bbox 708 4350 852 4425; x_wconf 88' lang='lat' dir='ltr'><strong>illis</strong></span> <span class='ocrx_word' id='word_1_231' title='bbox 910 4347 1442 4447; x_wconf 82' lang='lat' dir='ltr'><strong>scriptoribus,</strong></span> <span class='ocrx_word' id='word_1_232' title='bbox 1500 4348 1631 4446; x_wconf 77' lang='lat' dir='ltr'><strong>qui</strong></span> <span class='ocrx_word' id='word_1_233' title='bbox 1695 4348 2132 4448; x_wconf 64' lang='lat' dir='ltr'><strong>incorrupta</strong></span> <span class='ocrx_word' id='word_1_234' title='bbox 2178 4349 2502 4425; x_wconf 73' lang='lat' dir='ltr'><strong>sanitate</strong></span> <span class='ocrx_word' id='word_1_235' title='bbox 2548 4361 2744 4439; x_wconf 68' lang='lat' dir='ltr'><strong>sunt,</strong></span> 
     </span>
     <span class='ocr_line' id='line_1_33' title="bbox 550 4472 2739 4575; baseline 0 -26"><span class='ocrx_word' id='word_1_236' title='bbox 550 4474 753 4571; x_wconf 68' lang='lat' dir='ltr'><strong>quod</strong></span> <span class='ocrx_word' id='word_1_237' title='bbox 804 4483 931 4554; x_wconf 67' lang='lat' dir='ltr'><strong>est,</strong></span> <span class='ocrx_word' id='word_1_238' title='bbox 968 4473 1365 4572; x_wconf 69' lang='lat' dir='ltr'><strong>proprium</strong></span> <span class='ocrx_word' id='word_1_239' title='bbox 1418 4472 1860 4560; x_wconf 71' lang='lat' dir='ltr'><strong>Atticm-m,</strong></span> <span class='ocrx_word' id='word_1_240' title='bbox 1918 4473 2200 4563; x_wconf 86' lang='lat' dir='ltr'><strong>haurit,</strong></span> <span class='ocrx_word' id='word_1_241' title='bbox 2247 4487 2739 4575; x_wconf 76' lang='lat' dir='ltr'><strong>repertasque</strong></span> 
     </span>
    </p>
   </div>
  </div>
 </body>
</html>
