3032 4898
1183 418 1622 475 ramur-ro.
2364 393 2488 471 ¹*ix

374 596 645 692 Atque
680 594 847 671 haec
881 595 1190 694 quidem
1214 596 1599 679 hactenus.
1653 597 1883 675 Nunc
1910 595 2117 675 hunc
2144 594 2478 674 Dawesii

270 718 651 807 libellum,
696 728 743 761 “
776 744 1011 818 quem
1049 721 1405 819 dignum’·
1438 723 1740 801 censuit
1772 722 2227 809 Brmeasus,
2259 729 2313 763 “
2338 721 2476 818 qui

278 844 628 921 omnium
683 843 825 921 has
870 844 1130 923 literas
1171 848 1590 925 colentium
1649 847 2005 925 manibus
2059 854 2355 925 teratur
2378 845 2474 934 ³,''

274 969 615 1047 strictim
644 993 1198 1068 percurramus.

374 1095 443 1168 Ι.
538 1094 794 1178 Quam
874 1095 1261 1172 licentiam
1340 1095 1422 1171 in
1490 1096 1637 1171 hac
1722 1095 2067 1171 sectione
2136 1093 2487 1192 ejuravit*

272 1219 707 1306 Dswesius,
742 1220 824 1296 in
856 1244 951 1297 ea
973 1222 1332 1299 Mam-um
1363 1220 1914 1300 assentientem
1942 1219 2199 1297 habet.
2276 1220 2468 1302 Qnae

273 1344 625 1444 optimus
658 1343 1094 1422 Latinitatis
1121 1347 1405 1424 arbiter
1436 1342 1536 1424 de
1562 1346 1962 1424 mociano
1996 1343 2470 1444 praedicavit,

280 1471 556 1547 eadem
598 1470 696 1545 ad
730 1471 1096 1547 Maurum
1124 1471 1332 1548 haud
1379 1472 1664 1571 injuria
1687 1472 2209 1572 applicemus:
2258 1478 2305 1513 “
2327 1469 2474 1545 Re-

292 1595 661 1672 ceutiores
695 1594 1013 1693 quidem
1067 1597 1574 1694 grammatici,
1627 1620 1785 1672 non
1834 1595 1974 1694 qui
2029 1595 2204 1694 plus
2238 1616 2474 1690 quam

300 1720 615 1794 Mam-us
640 1718 951 1806 scirent,
1001 1719 1135 1797 sed
1164 1719 1303 1818 qui
1353 1721 1502 1798 sibi
1557 1720 1733 1821 plus
1767 1719 1967 1796 scire
2005 1717 2469 1807 viderentur,

281 1842 608 1942 piusque
638 1843 1011 1921 auderent
1041 1854 1273 1943 atque
1324 1844 1818 1931 confiderent,
1873 1844 2225 1919 Mamm
2258 1839 2341 1917 in
2375 1864 2470 1916 eo

280 1967 453 2066 ipso
507 1968 925 2066 deceptum
981 1992 1148 2045 esse
1189 1970 1704 2058 affirmarunt3
1759 1991 1905 2045 nec
1964 1966 2112 2043 nisi
2157 1988 2474 2043 consue-

284 2091 633 2169 tudinem
676 2092 776 2169 ab
822 2116 917 2169 eo
947 2092 1384 2172 damnatam
1414 2119 1585 2173 esse
1631 2092 1944 2194 optimis
1997 2089 2252 2190 poetis
2296 2114 2472 2189 pro·

284 2216 547 2293 batam
584 2215 755 2292 sine
804 2216 958 2295 ulla
1004 2219 1488 2299 dubitatione
1521 2225 2008 2297 statuerunt:
2059 2214 2302 2313 Atqui
2335 2215 2478 2291 du-

286 2342 586 2419 bitandi
618 2343 804 2419 satis
828 2342 1066 2442 justa,
1115 2369 1221 2421 ac.
1237 2370 1514 2446 magna
1547 2348 1678 2422 illa
1704 2344 2040 2444 quidem,
2073 2362 2302 2417 causa
2335 2348 2479 2425 est,

281 2470 495 2568 quod
526 2469 886 2558 Maurus,
910 2477 1147 2546 tantae
1166 2472 1646 2570 antiquitatis
1679 2467 2198 2559 doctrinaeque
2230 2485 2480 2562 gram-

282 2596 639 2685 maticus,
663 2595 975 2694 quique,
1006 2596 1472 2672 vetustiores
1502 2618 1587 2669 se
1622 2587 2203 2685 doctissimique
2233 2607 2484 2685 gram·

292 2721 557 2798 matici
590 2721 684 2796 de
717 2745 809 2798 ea
858 2745 945 2797 re
976 2720 1164 2819 quid
1216 2717 1618 2805 senserint,
1665 2713 1911 2794 multo
1945 2712 2217 2790 melius
2250 2735 2486 2811 quam

290 2843 422 2921 isti
465 2845 947 2944 antiquitatis
994 2855 1487 2933 correctores,
1535 2842 1735 2921 scire
1786 2840 2067 2940 potuit,
2116 2865 2290 2917 nona
2306 2863 2484 2917 con·

285 2971 782 3048 suetudinem
861 2972 999 3046 sed
1075 2971 1469 3048 licentiam
1533 2993 1703 3046 esse
1771 2967 2024 3068 poetis
2085 2967 2484 3064 indignam

288 3098 710 3173 statuerit?
832 3095 988 3172 Sed
1031 3096 1281 3172 missis
1341 3094 2016 3194 grammaticorum
2075 3092 2484 3193 proeceptis

292 3221 745 3298 Latinorum
790 3221 1145 3320 exempla
1192 3219 1274 3295 in
1324 3217 1767 3316 hujusmodi
1820 3217 2360 3326 controversiis
2393 3241 2483 3294 ac

290 3346 840 3422 certaminibus
890 3344 1203 3445 pollent.
1309 3354 1359 3386 “
1396 3344 1784 3444 Equidem
1814 3344 2486 3443 grammaticorum

291 3470 837 3547 auctoritatem
893 3467 1153 3566 magni
1204 3466 1429 3557 facio,
1496 3493 1954 3570 semperque
2011 3466 2187 3555 feci,
2235 3491 2487 3566 neque

292 3603 557 3672 tamen
590 3595 861 3693 pluris,
914 3615 1146 3692 quam
1194 3619 1366 3672 eam
1414 3595 1581 3670 fieri
1632 3621 1678 3671 a
1727 3594 1955 3669 nobis
1990 3593 2143 3693 ipsi
2176 3593 2480 3684 voluntg

294 3720 573 3798 volunt
621 3730 906 3809 antem,
977 3729 1117 3796 aut
1166 3728 1376 3795 certe
1426 3719 1622 3794 velle
1672 3719 1979 3807 debent,
2024 3718 2170 3796 sibi
2221 3729 2310 3796 ut
2359 3744 2486 3796 ea·

296 3859 527 3924 tenus
563 3847 988 3932 credamus,
1036 3843 1291 3943 quoad
1344 3866 1461 3932 ea,
1507 3868 1679 3942 quoe
1713 3846 2199 3946 praecipiunt,
2249 3848 2489 3922 bono-

292 3997 471 4049 rum
504 3973 959 4049 Latinorum
1006 3970 1469 4048 auctoritate
1521 3972 2041 4071 exemplisque
2091 3972 2486 4057 nitantur:

298 4121 549 4198 neque
579 4098 787 4176 enim
843 4120 926 4171 se
983 4095 1239 4171 Latini
1279 4098 1648 4173 sermonis
1685 4096 2142 4185 conditores,
2190 4109 2274 4174 at
2327 4107 2491 4171 tan·

382 4367 443 4420 5.
483 4363 581 4426 Ad
613 4360 922 4442 Aristoph.
955 4360 1157 4441 Equit.
1187 4365 1408 4428 isim
1455 4360 1609 4422 conf.
1645 4361 1721 4421 sd
1757 4358 1909 4421 Ach.
1953 4363 2091 4417 238.
2134 4355 2282 4417 Rau.
2313 4361 2489 4419 1405.

298 4465 439 4547 115⁸.
474 4472 565 4528 1⁶.

1362 4569 1414 4642 b
