3032 4898
301 620 480 671 secr.
524 590 1111 668 emendationes.

1556 397 1702 465 56⁶2

528 805 688 872 tam
733 793 992 868 sedem
1042 804 1398 891 occupat.

1217 590 1504 663 Eorum
1541 589 1836 686 utique,
1867 611 2060 684 quos
2088 589 2355 673 voluit,
2390 588 2467 663 in
2494 590 2767 687 priore

411 715 458 735 ··
526 695 778 768 minus
813 703 1022 766 recte
1055 692 1513 790 producitur
1550 724 1629 764 συ
1659 718 1678 776 ;
1735 690 1817 764 in
1842 689 2084 764 altero
2112 690 2496 789 spondeus
2528 713 2770 788 quar-

1506 790 1979 888 Hujusmodi
2014 792 2327 888 quidem
2374 792 2775 865 senarium

531 895 714 970 alibi
748 894 979 969 etiam
1015 893 1111 967 ad
1165 917 1363 968 vers.
1427 899 1594 966 167.
1647 892 1903 966 virum
1937 892 2467 966 doctissimum
2500 890 2780 967 vendi-

530 1003 823 1070 tantem
855 994 1113 1070 videre
1154 1005 1318 1068 est:
1370 1003 1418 1036 “
1457 993 1676 1067 Idem
1720 1015 1904 1067 sane
1948 993 2136 1067 dicit
2187 994 2775 1091 Aristophanes,

535 1105 582 1137 ‘⁴
618 1120 708 1170 ac
743 1096 809 1172 si
845 1094 1347 1170 inclamitaret
1382 1118 1425 1169 e
1460 1095 1909 1193 proscenio:

839 1252 1002 1336 Νυν,
1042 1282 1091 1319 ω
1128 1251 1367 1331 Osdroe,
1422 1249 1944 1342 λακκοπρωκτον
1973 1277 2082 1317 εστ
2118 1244 2295 1332 ιδειν,

836 1353 1133 1454 Μαιλλον
1170 1349 1232 1420 δε
1270 1378 1547 1445 γυναικα
1580 1378 1817 1435 μεστην
1854 1377 2354 1444 ευρυπρωκτιας.

534 1496 580 1528 “
617 1486 767 1560 Sed
791 1486 991 1560 unde
1016 1485 1124 1561 illi
1148 1485 1302 1559 duo
1332 1508 1597 1559 versus
1622 1484 1653 1538 7
1688 1508 1970 1581 quaere,
2002 1491 2083 1558 et
2106 1482 2389 1558 frustra
2423 1506 2770 1581 quaeres;

538 1598 582 1629 “
615 1588 698 1662 ni
755 1587 1020 1662 dixero
1080 1587 1222 1660 tibi
1283 1587 1361 1660 in
1396 1608 1684 1670 aurem,
1741 1585 1916 1681 quis
1961 1584 2265 1658 illorum
2313 1586 2553 1658 Faber
2604 1586 2778 1657 sit.”

538 1690 643 1763 At
678 1687 767 1774 si,
801 1688 1045 1785 qualis
1082 1686 1600 1785 eorumfaber
1633 1684 1888 1771 fuerit,
1921 1685 2116 1759 scire
2150 1684 2419 1760 itidem
2443 1687 2772 1783 gestias:

535 1790 765 1863 liceat
838 1799 917 1863 et
980 1788 1166 1862 mihi
1232 1788 1571 1863 vicissim
1630 1786 1773 1860 tibi
1831 1788 1911 1861 in
1982 1810 2248 1861 aurem
2299 1787 2772 1861 insusurrare

541 1888 1050 1965 Horatianum
1083 1889 1272 1962 illud
1303 1915 1320 1960 ε

640 2024 1027 2101 AEmilium
1063 2026 1268 2099 circa
1301 2025 1549 2098 ludum
1584 2024 1794 2099 saber
1829 2051 2012 2098 unus
2037 2025 2112 2064 ⁸⁸¹
2149 2035 2224 2099 et
2256 2050 2538 2125 ungues

640 2127 1077 2225 Exprimet‚
1116 2136 1193 2199 et
1221 2125 1474 2199 molles
1508 2125 1922 2199 imitabitur
1953 2152 2106 2199 oere
2140 2127 2460 2226 capillos
2483 2154 2512 2208 ‚·

643 2227 920 2302 Infelix
952 2226 1204 2330 operis
1235 2250 1550 2318 summa,
1608 2227 1791 2324 quia
1825 2250 2110 2325 ponere
2141 2236 2394 2302 totum

645 2329 1160 2404 Nesciet——

546 2473 832 2549 Verum
865 2473 944 2547 in
979 2445 1398 2549 metrorum
1432 2473 1729 2548 ratione
1758 2482 2148 2572 utcunque
2203 2471 2469 2548 infelix
2515 2472 2773 2557 fuerit,

542 2585 750 2650 recte
803 2584 1059 2649 tamen
1109 2574 1497 2671 judicavit
1554 2575 1924 2650 sermonis
1988 2574 2324 2649 indolem
2389 2574 2776 2673 postulare

546 2672 623 2756 ὃς
657 2711 760 2749 αν.

867 2675 1082 2750 Idem
1118 2677 1378 2764 etiarn,
1432 2674 1549 2749 uti
1579 2699 1759 2749 mox
1792 2675 2109 2766 videbis,
2158 2675 2415 2774 ipsum
2443 2685 2777 2749 metrum

548 2776 812 2872 exigit.
916 2777 1175 2874 Atque
1212 2778 1321 2852 ita
1346 2776 1660 2874 quidem
1700 2775 1900 2851 clare
1933 2777 2127 2873 legit
2163 2776 2459 2851 SuidaS.
2546 2776 2776 2849 Nunc

373 2877 523 2944 312
552 2876 593 2919 ¹⁸*
634 2877 808 2950 vide
864 2901 1306 2974 germanam
1351 2900 1717 2951 versuum
1770 2877 1866 2950 ab
1920 2876 2434 2976 Aristophane
2478 2875 2781 2974 profec-

549 2985 804 3051 torum
835 2976 1156 3051 formam
1189 2978 1499 3052 tandem
1535 2978 1941 3074 aliquando
1975 2978 2474 3053 instauratam
2496 2978 2598 3049 ²⁸³.

633 3179 771 3235 281.
804 3173 955 3234 Hor.
981 3174 1057 3234 A.
1088 3175 1158 3232 P.
1183 3180 1447 3232 32—35.
1477 3179 1618 3234 imus

1711 3197 1876 3255 per.;
1926 3176 2082 3235 conf.
2132 3178 2423 3256 Gaisford.
2468 3178 2545 3236 ad
2592 3177 2634 3236 l.
2680 3196 2780 3259 pp.

553 3256 709 3316 Edd.
737 3260 776 3290 ‘⁸
803 3256 916 3315 hoc
953 3270 1061 3326 est,
1097 3254 1369 3314 interiore
1398 3257 1617 3333 angulo
1720 3262 1858 3327 336,
1890 3261 1945 3317 7.
1973 3280 1988 3327 ;
2035 3271 2095 3315 et
2139 3259 2402 3337 inprimis
2428 3260 2619 3317 virum
2649 3279 2783 3319 eru·

553 3336 728 3399 sori.”
753 3337 1021 3417 Scaliger
1036 3338 1112 3397 ad
1133 3335 1349 3395 Catull.
1368 3355 1427 3414 p.
1449 3342 1527 3395 51
1542 3364 1613 3390 ε

557 3425 684 3488 61.;
710 3419 865 3479 conf.
889 3419 1022 3478 adl.
1048 3420 1106 3478 in
1124 3417 1219 3478 ed.
1243 3415 1414 3475 Cant.
1442 3422 1619 3480 1817.

636 3507 774 3560 282.
820 3506 857 3534 “
889 3499 1005 3559 Hie
1048 3499 1250 3578 incipit
1292 3496 1474 3563 Chori
1513 3503 1616 3579 μέ-

556 3586 659 3648 λος
705 3578 1103 3659 πρεσβυτικόν.
1151 3578 1347 3639 Schol.
1393 3578 1619 3640 Cantus

557 3662 800 3800 3233?
811 3676 1075 3817 [ῗιῗιῗῑῗιῗζ
1103 3674 1189 3801 εἴ
1207 3662 1621 3820 υῗῗζῖῗιξέἷρξὲζ

557 3822 911 3881 mistichium
962 3822 1124 3901 prius
1169 3835 1261 3881 est
1309 3823 1621 3882 dimetrum

559 3901 870 3962 iambicum
956 3902 1335 3962 acatalectum
1361 3925 1378 3973 ς
1474 3904 1622 3964 alte·

561 4004 711 4055 rum,
731 3982 1225 4062 hephthemirnere
1246 3984 1623 4044 trochaicum.

563 4065 722 4132 Quae
734 4084 875 4142 sequ
883 4077 1075 4132 untur,
1089 4078 1225 4122 sunt
1237 4064 1435 4124 Ionica
1447 4065 1622 4144 heph-

563 4146 900 4207 tbemirnera
948 4142 1224 4222 (quorum
1288 4145 1625 4225 exemplum

563 4227 803 4286 tradidit
832 4226 1179 4305 Hephaestio
1199 4225 1256 4283 in
1279 4225 1445 4282 initio
1465 4229 1623 4305 capi-

563 4308 637 4364 tis
665 4307 738 4365 de
777 4307 966 4365 lonico
1009 4328 1047 4363 a
1087 4304 1318 4381 lllajore
1347 4302 1432 4383 [p.
1461 4306 1625 4385 62.])

551 4400 693 4443 ’curn
768 4388 1028 4445 dimoti-is
1109 4385 1625 4459 brachycatalectis

560 4479 720 4524 certo
751 4468 951 4526 ordine
993 4468 1322 4546 ‹lisposita.”
1381 4466 1470 4523 M.
1503 4468 1624 4524 Ra-

1717 3337 2069 3397 ditissimum
2087 3354 2145 3397 et
2164 3340 2599 3409 amicissimum,
2619 3339 2780 3401 P.P.

1719 3418 2031 3478 Dobraeum
2075 3420 2233 3498 apud
2282 3420 2361 3479 R.
2396 3420 2497 3490 P.,
2548 3420 2650 3498 qui
2710 3423 2785 3483 de

1717 3499 1830 3559 boc
1859 3500 1986 3578 ipso
2013 3499 2143 3560 loco
2182 3514 2300 3559 tarn
2342 3500 2625 3580 praeclare
2662 3501 2787 3562 dis·

1720 3580 1967 3660 putavit,
1997 3594 2065 3638 ut
2086 3581 2226 3639 nihil
2250 3601 2425 3660 snpra
2452 3581 2590 3640 addi
2610 3602 2787 3661 posse

1722 3661 2009 3720 videatur.
2094 3661 2165 3719 In
2188 3662 2433 3721 transitu
2460 3663 2691 3722 veniam
2712 3667 2788 3724 ab

1723 3742 1909 3819 aequis
1934 3741 2249 3803 lectoribus
2279 3743 2591 3821 impetrare
2616 3764 2789 3823 mag-

1724 3841 1939 3901 nopere
1967 3823 2160 3892 velim,
2204 3837 2270 3882 ut
2306 3824 2500 3883 locum
2530 3826 2607 3884 ab
2631 3825 2791 3885 RB.

1724 3905 1785 3962 in
1830 3916 2019 3963 metra
2055 3904 2375 3976 redactum,
2427 3919 2489 3963 et
2531 3906 2786 3977 notulas,

1722 4005 1870 4062 quas
1907 3983 2261 4063 jampridem
2324 3986 2383 4044 in
2430 4005 2539 4045 suo
2582 4006 2788 4045 exem·

1722 4065 1869 4143 plari
1899 4064 2226 4144 reliquerat,
2264 4064 2610 4146 subjiciam
2655 4069 2792 4145 qui·

1724 4147 1836 4205 bus
1878 4166 2012 4204 cum
2061 4146 2216 4205 felici
2258 4146 2333 4205 R.
2364 4147 2448 4207 D.
2518 4149 2789 4209 acumine

1725 4227 1950 4286 collatis
2002 4247 2071 4286 ac
2107 4227 2426 4305 perpensis,
2468 4247 2671 4288 ornnes
2713 4231 2789 4291 ab

1724 4308 1836 4365 hoc
1864 4320 2135 4385 tanquam
2157 4307 2381 4387 judicio
2402 4328 2633 4370 summa
2654 4331 2793 4373 cum

1728 4388 2027 4465 voluptate
2100 4389 2458 4446 discessuros
2527 4386 2788 4450 eonfido.

1732 4467 1850 4525 ΡΙ».
1883 4473 2021 4539 491,
2054 4475 2105 4525 ρ.
2154 4469 2263 4527 Ed.
2288 4468 2421 4529 Bas.
2458 4474 2635 4531 1547.

1849 4578 1940 4644 10
