3032 4898
1419 407 1567 475 385

380 597 633 681 nullus
694 597 882 696 mibi
948 605 1188 673 restat
1241 598 1651 714 scrupulus
1704 600 1887 697 quin
1951 612 2030 674 et
2091 605 2459 678 sermonis
2518 615 2597 679 et
2682 629 2773 677 An

380 718 645 771 versus
682 696 960 772 rationi
998 721 1149 772 uno
1178 707 1491 795 negotio
1523 699 1632 773 sic
1667 699 2213 776 consulendum
2246 703 2395 778 sit:
2620 693 2810 743 ¹³¹‘⁰‘¹'·

580 839 725 906 Καν
756 867 910 906 rav?
942 838 1440 920 ΑΝΥΣΗΤΑΙ,
1492 869 1964 934 τετταρακοντα
2000 837 2317 930 βουλεται
2342 841 2419 911 ⁶⁹.

382 969 685 1069 Syllaba
718 972 985 1071 utique
1018 1006 1124 1045 ται
1173 979 1352 1047 ante
1385 971 1701 1047 alteram
1754 971 2023 1047 similis
2077 974 2246 1049 soni
2286 1008 2352 1048 τε
2384 977 2592 1072 (nam

380 1103 445 1143 αι
480 1080 559 1146 et
582 1105 610 1145 ε
646 1070 727 1146 in
753 1071 1324 1169 pronunciando
1361 1094 1762 1171 perperam
1795 1071 2200 1169 aliquando
2226 1073 2590 1149 confundi

375 1169 719 1245 solebant
737 1172 852 1267 ⁵⁰,)
881 1195 1103 1246 exem
1157 1171 1234 1245 lo
1258 1193 1626 1268 perquam
1648 1171 1965 1245 solemni
1995 1171 2400 1248 intercidit.
2455 1174 2588 1248 Vi·

375 1268 522 1344 deo
554 1271 867 1367 quidem
914 1270 1085 1345 Tib.
1206 1268 1843 1357 emsterhuisium,
1896 1270 2030 1368 qui
2092 1294 2339 1369 nuper
2391 1272 2588 1347 hanc

372 1365 706 1444 fabulam
731 1369 999 1456 edidit,
1025 1369 1415 1465 vulgatam
1447 1364 1854 1444 lectionem
1891 1369 2353 1445 exhibuisse.
2434 1372 2587 1447 Sed

373 1467 624 1543 minus
671 1481 878 1544 recte
904 1468 1288 1566 judicavit
1332 1468 1451 1541 vir
1485 1469 1972 1543 doctissimus
2024 1470 2345 1544 verbum
2380 1505 2587 1567 ανυσῃ

371 1568 702 1641 mediam
766 1565 1106 1664 legitime
1165 1567 1609 1666 producere.
1744 1567 2288 1643 Sexcentorum
2357 1567 2585 1642 istius

373 1665 679 1762 syllabae
712 1675 1079 1764 correptae
1107 1666 1628 1764 exemplorum
1661 1665 1740 1739 in
1776 1688 2091 1740 numero
2130 1667 2346 1741 venit
2375 1669 2583 1764 quod

375 1785 475 1837 ex
506 1763 870 1862 AEschylo
896 1765 1056 1863 jam
1090 1766 1650 1864 descripsimus.
1710 1765 1988 1840 Fraudi
2023 1765 2315 1840 videtur
2350 1764 2583 1840 fuisse

370 1862 539 1937 viro
574 1863 1034 1953 doctissime,
1066 1867 1271 1963 quod
1303 1863 1382 1939 in
1417 1863 1858 1961 hujusmodi
1888 1863 2137 1939 verbis
2174 1864 2397 1939 Iones
2429 1865 2578 1940 ele-

371 1972 714 2037 mentum
754 1997 797 2036 σ
838 1987 987 2080 pro
1036 1964 1352 2039 arbitrio
1409 1964 1910 2061 geminarent.
2015 1963 2204 2038 Haec
2259 1987 2441 2038 vero
2497 1965 2584 2038 li-

368 2062 618 2135 centia
650 2073 899 2160 poetis
931 2064 1210 2138 Atticis
1238 2087 1337 2138 ne
1376 2064 1457 2137 in
1494 2063 1901 2161 Tragoedia
1934 2061 2267 2158 quidem,
2300 2064 2582 2137 nedum

366 2159 449 2234 in
485 2161 877 2236 Comoedia
897 2184 1232 2259 unquam
1265 2162 1632 2261 permissa
1655 2171 1793 2237 est.
1867 2160 2252 2237 Caeterum
2277 2185 2584 2237 monere

366 2258 556 2335 libet
588 2262 921 2337 activam
963 2260 1196 2360 hujus
1230 2261 1444 2336 verbi
1490 2261 1838 2348 formam,
1891 2260 2098 2356 quod
2144 2284 2297 2334 non
2352 2262 2585 2335 semel

364 2359 687 2435 miratus
721 2385 914 2448 sum,
948 2362 1156 2460 apud
1191 2360 1651 2461 Sophoclem
1676 2383 1854 2436 cum
1884 2357 2229 2456 genitivo
2257 2357 2375 2434 bis
2408 2381 2585 2432 con-

359 2457 614 2557 jungi,
645 2462 1213 2560 notionemque,
1262 2484 1438 2558 quae
1482 2459 1756 2535 mediae
1814 2456 2252 2532 accusativo
2304 2457 2582 2532 comite

364 2558 751 2649 tribuitur,
821 2562 946 2637 vel
1001 2570 1211 2636 certe
1265 2583 1420 2635 non
1502 2559 1615 2632 ita
1671 2556 2115 2632 dissimilem
2175 2556 2583 2654 utrobique

367 2658 664 2735 sortiri:

466 2784 495 2918 :
544 2784 782 2859 E...
812 2790 1018 2955 a».
1206 2779 2398 2957 ...nm

1018 2915 1158 2965 ινος
1192 2915 1244 2955 ω
1278 2915 1369 2957 πα
1462 2916 1498 2965 ς
2311 2905 2332 2964 ;

454 3007 475 3085 i
518 3042 1001 3132 Soph.E1ect1-.
1036 3044 1203 3112 14⁷8
1229 3045 1500 3131 (1451.).
1657 3050 1686 3087 ε
1728 3043 1902 3111 OEd.
1932 3040 2074 3110 col.
2113 3039 2281 3107 1828
2311 3040 2579 3126 (1755.).

364 3227 532 3290 Plato
585 3229 824 3293 Phaedo.
874 3253 936 3311 p.
972 3235 1069 3293 69.
1103 3232 1185 3293 D.
1242 3236 1311 3293 m
1357 3230 1416 3292 δὲ
1516 3230 1593 3290 P.
1616 3230 1694 3289 P.
1715 3226 2097 3308 D.adVenp.
2117 3231 2333 3287 953.et
2353 3224 2575 3287 Ecclen.

362 3309 544 3387 ὀρθῶς
571 3315 784 3388 προύθυ
830 3315 976 3384 ἡθην
1002 3317 1096 3372 καί
1123 3335 1174 3372 τι
1201 3314 1417 3384 himod-
1451 3374 1459 3386 ,
1527 3314 1668 3373 752.

407 3412 496 3460 ην-
540 3388 712 3450 Cous.
796 3411 925 3469 oup-
952 3393 1013 3450 in
1038 3391 1312 3451 Addend.
1343 3391 1421 3451 ad
1600 3395 1701 3449 49.
1741 3386 1896 3446 Vide
1937 3385 2014 3444 R.
2052 3383 2131 3443 P.
2173 3396 2235 3443 et
2272 3382 2341 3440 P.
2387 3381 2456 3439 P.
2495 3380 2578 3440 D.

387 3507 403 3523 .
428 3467 567 3527 Vol.
590 3487 655 3528 11.
686 3490 744 3548 p.
771 3475 911 3538 400,
941 3474 1003 3528 l.
1062 3469 1158 3530 De
1185 3490 1418 3548 pennu·
1520 3467 1596 3527 ad
1617 3468 1656 3527 l.
1684 3479 1742 3526 et
1767 3465 1842 3524 ad
1869 3484 1985 3524 vos.
2013 3466 2150 3520 ³49.
2170 3465 2308 3520 413.
2340 3464 2478 3519 607.
2504 3460 2579 3518 ad

362 3545 581 3604 tatione
626 3551 709 3604 AI
758 3558 819 3604 et
860 3551 910 3605 E
960 3547 1096 3605 vide
1141 3568 1317 3626 supra
1362 3569 1423 3627 p.
1522 3547 1680 3605 huuc
1733 3561 1968 3620 quoque
2025 3540 2219 3598 locum
2269 3538 2348 3597 R.
2390 3537 2464 3597 B.
2521 3539 2580 3599 in

364 3623 543 3691 124.;
607 3634 668 3682 et
714 3622 866 3684 adde
906 3623 1016 3684 Pa.
1066 3625 1151 3683 ad·
1184 3627 1429 3686 Porsoui
1527 3623 1693 3684 Mus.
1721 3622 1868 3682 Crit.
1899 3619 2004 3678 N0.
2027 3637 2131 3679 vn.
2157 3638 2214 3697 p.
2240 3622 2379 3677 421.
2423 3623 2461 3652 ‘⁸
2489 3637 2581 3678 re·

362 3697 588 3779 Opusc.
640 3701 710 3764 Ρ.
749 3702 873 3762 lvii.
930 3703 1233 3784 Aristoph.
1275 3704 1425 3764 Ach.
1525 3722 1678 3782 pone
1705 3698 2017 3760 exAldina
2123 3707 2194 3767 ἣν
2215 3697 2578 3758 σάἊλ’άνῦ·

363 3784 504 3840 210.
536 3784 657 3844 Οὔκ
676 3783 753 3842 ἂν
773 3782 859 3843 ἐπ’
878 3781 1019 3862 ἐμῆς
1042 3807 1111 3859 γε
1138 3785 1427 3856 νεά-γητος
1525 3779 1706 3841 τειν.”
1803 3779 1995 3838 iritum
2100 3777 2239 3838 didi.

360 3864 401 3895 ⁸‘
429 3861 573 3942 ἱρῆς
619 3864 1024 3939 γενναιότητος
1079 3861 1242 3923 Suid.
1290 3861 1426 3923 MS.
1608 3867 1705 3921 50.
1837 3858 1918 3918 ns.
1961 3858 2040 3917 R.
2070 3857 2150 3916 Β.
2189 3858 2267 3918 ad
2311 3856 2379 3918 T.
2407 3857 2491 3917 H.
2521 3878 2579 3938 p.

357 3942 576 4004 omisso
600 3939 747 4002 iau-2⁸⁹
772 3941 853 4004 R.
878 3943 952 4002 P.
976 3943 1131 4022 apud
1153 3942 1229 4004 P.
1251 3942 1326 4002 P.
1343 3943 1425 4003 D.
1527 3945 1627 4001 86.
1675 3940 1753 4000 ad
1799 3938 1951 3998 Hor.
1989 3935 2184 3997 Carm.
2226 3957 2316 4010 ιιι,
2360 3939 2466 4010 xii,
2523 3943 2577 3998 l.

358 4019 546 4103 vesp.
578 4028 718 4084 885.
763 4027 880 4083 νῦν
918 4030 1023 4083 νῦν
1048 4047 1117 4098 γε
1156 4027 1258 4082 σοῦ
1288 4048 1419 4083 vcu-
1521 4021 1602 4080 R.
1627 4020 1700 4080 P.
1728 4018 1801 4082 ad
1833 4018 2048 4096 Odyss.
2081 4022 2152 4088 N.
2182 4022 2321 4078 295.

361 4104 533 4176 τίρυν
589 4109 631 4139 “
669 4102 1022 4164 scholiastes
1094 4101 1240 4163 duas
1298 4103 1417 4163 lec·
1600 4105 1700 4160 51.
1744 4097 1829 4159 H.
1861 4097 1933 4157 E.
1993 4100 2323 4168 κατῇνυσαν
2372 4094 2578 4174 [καθή-

358 4179 544 4240 tionea
594 4182 805 4256 adfert,
865 4183 1300 4262 γενναιοτέρων,
1359 4196 1419 4243 et
1521 4177 1735 4260 ννσαν]
1776 4181 1878 4251 γὴν
1904 4176 2038 4238 ὁδὸν
2069 4180 2151 4245 εἷς
2187 4182 2360 4258 φίλης
2387 4172 2580 4252 προεί-

361 4267 772 4340 σννενωτέρυν·
810 4263 958 4342 lege,
1009 4263 1420 4343 wreuripoerl’
1521 4285 1622 4321 νου
1647 4257 1805 4320 οἷκον
1845 4259 2032 4338 inquit
2069 4254 2391 4316 Brun-kias
2413 4276 2433 4311 .·
2475 4254 2581 4312 ned

365 4340 440 4404 Q.
507 4339 572 4401 S.
637 4341 728 4401 m.
799 4344 1195 4415 Christiania,-
1267 4343 1421 4403 conf.
1521 4342 1653 4402 haec
1666 4340 1883 4419 ellipsis
1901 4337 2072 4399 valde
2095 4332 2472 4414 ineptasside
2494 4332 2581 4392 in·

363 4417 562 4482 llotib.
624 4420 703 4481 ad
764 4420 806 4480 l.
881 4438 939 4486 et
994 4425 1070 4485 R.
1122 4425 1195 4487 P.
1264 4424 1419 4505 apud
1523 4422 1611 4483 fra
1651 4421 1806 4483 Plus.
1837 4417 2033 4483 δάιοι.
2061 4416 2138 4478 ιὰ
2174 4417 2397 4498 paam
2443 4411 2581 4472 eita-

1430 4517 1705 4587 ·3n
