<?xml version="1.0" encoding="UTF-8"?>
<!DOCTYPE html PUBLIC "-//W3C//DTD XHTML 1.0 Transitional//EN"
    "http://www.w3.org/TR/xhtml1/DTD/xhtml1-transitional.dtd">
<html xmlns="http://www.w3.org/1999/xhtml" xml:lang="en" lang="en">
 <head>
  <title>
</title>
<meta http-equiv="Content-Type" content="text/html;charset=utf-8" />
  <meta name='ocr-system' content='tesseract 3.04.00' />
  <meta name='ocr-capabilities' content='ocr_page ocr_carea ocr_par ocr_line ocrx_word'/>
</head>
<body>
  <div class='ocr_page' id='page_1' title='image "./ricardidawesiim02kiddgoog_0319.png"; bbox 0 0 3032 4898; ppageno 0'>
   <div class='ocr_carea' id='block_1_1' title="bbox 1530 427 1686 494">
    <p class='ocr_par' dir='ltr' id='par_1_1' title="bbox 1530 427 1686 494">
     <span class='ocr_line' id='line_1_1' title="bbox 1530 427 1686 494; baseline 0 0"><span class='ocrx_word' id='word_1_1' title='bbox 1530 427 1686 494; x_wconf 77' lang='lat'><strong>230</strong></span> 
     </span>
    </p>
   </div>
   <div class='ocr_carea' id='block_1_2' title="bbox 278 612 2717 3881">
    <p class='ocr_par' dir='ltr' id='par_1_2' title="bbox 278 612 2717 3483">
     <span class='ocr_line' id='line_1_2' title="bbox 287 612 2707 714; baseline -0.005 -14"><span class='ocrx_word' id='word_1_2' title='bbox 287 657 481 709; x_wconf 57' lang='grc' dir='ltr'><strong>ηυγ,</strong></span> <span class='ocrx_word' id='word_1_3' title='bbox 503 621 683 696; x_wconf 87' lang='lat' dir='ltr'><strong>dato</strong></span> <span class='ocrx_word' id='word_1_4' title='bbox 721 617 1093 706; x_wconf 79' lang='lat' dir='ltr'><strong>Victorini</strong></span> <span class='ocrx_word' id='word_1_5' title='bbox 1147 617 1268 714; x_wconf 88' lang='lat' dir='ltr'><strong>[p.</strong></span> <span class='ocrx_word' id='word_1_6' title='bbox 1309 621 1404 690; x_wconf 85' lang='lat'><strong>16</strong></span> <span class='ocrx_word' id='word_1_7' title='bbox 1431 615 1799 707; x_wconf 68' lang='lat' dir='ltr'><strong>==2458.n</strong></span> <span class='ocrx_word' id='word_1_8' title='bbox 1855 612 2026 686; x_wconf 90' lang='lat' dir='ltr'><strong>loco</strong></span> <span class='ocrx_word' id='word_1_9' title='bbox 2078 613 2435 702; x_wconf 78' lang='lat' dir='ltr'><strong>sentiam,</strong></span> <span class='ocrx_word' id='word_1_10' title='bbox 2473 637 2707 714; x_wconf 82' lang='lat' dir='ltr'><strong>expo-</strong></span> 
     </span>
     <span class='ocr_line' id='line_1_3' title="bbox 345 712 2705 816; baseline -0.001 -22"><span class='ocrx_word' id='word_1_11' title='bbox 345 725 432 773; x_wconf 67' lang='grc' dir='ltr'><strong>Ν·</strong></span> <span class='ocrx_word' id='word_1_12' title='bbox 500 744 705 807; x_wconf 89' lang='lat' dir='ltr'><strong>nere,</strong></span> <span class='ocrx_word' id='word_1_13' title='bbox 753 729 983 816; x_wconf 85' lang='lat' dir='ltr'><strong>atque</strong></span> <span class='ocrx_word' id='word_1_14' title='bbox 1043 718 1123 792; x_wconf 91' lang='lat' dir='ltr'><strong>in</strong></span> <span class='ocrx_word' id='word_1_15' title='bbox 1183 715 1525 790; x_wconf 90' lang='lat' dir='ltr'><strong>medium</strong></span> <span class='ocrx_word' id='word_1_16' title='bbox 1574 712 2024 809; x_wconf 80' lang='lat' dir='ltr'><strong>relinquere.</strong></span> <span class='ocrx_word' id='word_1_17' title='bbox 2158 712 2365 787; x_wconf 88' lang='lat' dir='ltr'><strong>Ecce</strong></span> <span class='ocrx_word' id='word_1_18' title='bbox 2425 727 2705 792; x_wconf 81' lang='lat' dir='ltr'><strong>autem.</strong></span> 
     </span>
     <span class='ocr_line' id='line_1_4' title="bbox 278 814 2714 907; baseline -0.002 -13"><span class='ocrx_word' id='word_1_19' title='bbox 278 825 482 844; x_wconf 83' lang='grc'><em>“““““““”</em></span> <span class='ocrx_word' id='word_1_20' title='bbox 501 821 600 894; x_wconf 84' lang='lat' dir='ltr'><strong><em>N</em></strong></span> <span class='ocrx_word' id='word_1_21' title='bbox 590 820 775 894; x_wconf 72' lang='lat' dir='ltr'><strong>ostri</strong></span> <span class='ocrx_word' id='word_1_22' title='bbox 821 818 1079 891; x_wconf 78' lang='lat' dir='ltr'><strong>Latini</strong></span> <span class='ocrx_word' id='word_1_23' title='bbox 1133 841 1290 889; x_wconf 82' lang='lat' dir='ltr'><strong>cum</strong></span> <span class='ocrx_word' id='word_1_24' title='bbox 1347 814 1619 888; x_wconf 74' lang='lat' dir='ltr'><strong>litteris</strong></span> <span class='ocrx_word' id='word_1_25' title='bbox 1652 821 2048 898; x_wconf 77' lang='lat' dir='ltr'><strong>uterentur,</strong></span> <span class='ocrx_word' id='word_1_26' title='bbox 2097 835 2286 907; x_wconf 68' lang='lat' dir='ltr'><strong>quas</strong></span> <span class='ocrx_word' id='word_1_27' title='bbox 2331 839 2382 886; x_wconf 84' lang='lat' dir='ltr'><em>a</em></span> <span class='ocrx_word' id='word_1_28' title='bbox 2422 816 2714 889; x_wconf 68' lang='lat' dir='ltr'><strong>Groeeiae</strong></span> 
     </span>
     <span class='ocr_line' id='line_1_5' title="bbox 498 909 2706 1015; baseline -0.002 -23"><span class='ocrx_word' id='word_1_29' title='bbox 498 925 986 1015; x_wconf 74' lang='lat' dir='ltr'><strong>acceperant.-</strong></span> <span class='ocrx_word' id='word_1_30' title='bbox 1035 917 1125 989; x_wconf 87' lang='lat' dir='ltr'><strong>A.</strong></span> <span class='ocrx_word' id='word_1_31' title='bbox 1167 916 1251 987; x_wconf 92' lang='lat' dir='ltr'><strong>B.</strong></span> <span class='ocrx_word' id='word_1_32' title='bbox 1294 916 1380 986; x_wconf 90' lang='lat' dir='ltr'><strong>C.</strong></span> <span class='ocrx_word' id='word_1_33' title='bbox 1421 914 1516 986; x_wconf 88' lang='lat' dir='ltr'><strong>D.</strong></span> <span class='ocrx_word' id='word_1_34' title='bbox 1557 913 1645 984; x_wconf 90' lang='grc' dir='ltr'><strong>Ε.</strong></span> <span class='ocrx_word' id='word_1_35' title='bbox 1686 912 1749 984; x_wconf 91' lang='grc' dir='ltr'><strong>Ι.</strong></span> <span class='ocrx_word' id='word_1_36' title='bbox 1790 911 1885 982; x_wconf 88' lang='lat' dir='ltr'><strong>K.</strong></span> <span class='ocrx_word' id='word_1_37' title='bbox 1925 911 2014 983; x_wconf 88' lang='lat' dir='ltr'><strong>L.</strong></span> <span class='ocrx_word' id='word_1_38' title='bbox 2057 909 2165 982; x_wconf 89' lang='lat' dir='ltr'><strong>M.</strong></span> <span class='ocrx_word' id='word_1_39' title='bbox 2207 911 2308 984; x_wconf 91' lang='lat' dir='ltr'><strong>N.</strong></span> <span class='ocrx_word' id='word_1_40' title='bbox 2351 913 2443 986; x_wconf 91' lang='lat' dir='ltr'><strong>O.</strong></span> <span class='ocrx_word' id='word_1_41' title='bbox 2486 915 2570 986; x_wconf 93' lang='lat' dir='ltr'><strong>P.</strong></span> <span class='ocrx_word' id='word_1_42' title='bbox 2614 915 2706 997; x_wconf 87' lang='lat' dir='ltr'><strong>Q.</strong></span> 
     </span>
     <span class='ocr_line' id='line_1_6' title="bbox 501 1008 2713 1109; baseline -0.002 -20"><span class='ocrx_word' id='word_1_43' title='bbox 501 1018 591 1089; x_wconf 88' lang='lat' dir='ltr'><strong>R.</strong></span> <span class='ocrx_word' id='word_1_44' title='bbox 629 1017 707 1091; x_wconf 92' lang='lat' dir='ltr'><strong>S.</strong></span> <span class='ocrx_word' id='word_1_45' title='bbox 748 1017 840 1088; x_wconf 92' lang='lat' dir='ltr'><strong>T.</strong></span> <span class='ocrx_word' id='word_1_46' title='bbox 890 1025 965 1087; x_wconf 83' lang='lat' dir='ltr'><strong>et</strong></span> <span class='ocrx_word' id='word_1_47' title='bbox 1006 1013 1256 1088; x_wconf 81' lang='lat' dir='ltr'><strong>Groeci</strong></span> <span class='ocrx_word' id='word_1_48' title='bbox 1288 1012 1573 1085; x_wconf 70' lang='lat' dir='ltr'><strong>vocaks</strong></span> <span class='ocrx_word' id='word_1_49' title='bbox 1612 1009 1959 1083; x_wconf 79' lang='lat' dir='ltr'><strong>haberent</strong></span> <span class='ocrx_word' id='word_1_50' title='bbox 1983 1008 2034 1051; x_wconf 72' lang='lat'><strong>⁵¹</strong></span> <span class='ocrx_word' id='word_1_51' title='bbox 2071 1009 2397 1097; x_wconf 79' lang='lat' dir='ltr'><strong>totidem,</strong></span> <span class='ocrx_word' id='word_1_52' title='bbox 2431 1022 2607 1109; x_wconf 79' lang='lat' dir='ltr'><strong>quot</strong></span> <span class='ocrx_word' id='word_1_53' title='bbox 2637 1023 2713 1085; x_wconf 77' lang='lat' dir='ltr'><strong>et</strong></span> 
     </span>
     <span class='ocr_line' id='line_1_7' title="bbox 498 1111 2714 1205; baseline -0.002 -17"><span class='ocrx_word' id='word_1_54' title='bbox 498 1139 654 1201; x_wconf 68' lang='lat' dir='ltr'><strong>nos,</strong></span> <span class='ocrx_word' id='word_1_55' title='bbox 702 1116 793 1189; x_wconf 89' lang='lat' dir='ltr'><strong>A.</strong></span> <span class='ocrx_word' id='word_1_56' title='bbox 848 1114 938 1186; x_wconf 88' lang='lat' dir='ltr'><strong>E.</strong></span> <span class='ocrx_word' id='word_1_57' title='bbox 996 1113 1054 1186; x_wconf 94' lang='lat'><strong>1.</strong></span> <span class='ocrx_word' id='word_1_58' title='bbox 1111 1113 1203 1186; x_wconf 88' lang='lat' dir='ltr'><strong>O.</strong></span> <span class='ocrx_word' id='word_1_59' title='bbox 1260 1111 1352 1185; x_wconf 93' lang='lat' dir='ltr'><strong>U.</strong></span> <span class='ocrx_word' id='word_1_60' title='bbox 1425 1112 1623 1205; x_wconf 80' lang='lat' dir='ltr'><strong>(nam</strong></span> <span class='ocrx_word' id='word_1_61' title='bbox 1658 1116 1751 1181; x_wconf 88' lang='lat' dir='ltr'><strong>H.</strong></span> <span class='ocrx_word' id='word_1_62' title='bbox 1807 1117 1881 1180; x_wconf 80' lang='lat' dir='ltr'><strong>et</strong></span> <span class='ocrx_word' id='word_1_63' title='bbox 1941 1115 2027 1179; x_wconf 83' lang='grc' dir='ltr'><strong>Ω.</strong></span> <span class='ocrx_word' id='word_1_64' title='bbox 2068 1119 2345 1204; x_wconf 76' lang='lat' dir='ltr'><strong>postea</strong></span> <span class='ocrx_word' id='word_1_65' title='bbox 2395 1121 2563 1183; x_wconf 68' lang='lat' dir='ltr'><strong>sunt</strong></span> <span class='ocrx_word' id='word_1_66' title='bbox 2618 1111 2714 1184; x_wconf 83' lang='lat' dir='ltr'><strong>ab</strong></span> 
     </span>
     <span class='ocr_line' id='line_1_8' title="bbox 500 1206 2715 1311; baseline -0.002 -23"><span class='ocrx_word' id='word_1_67' title='bbox 500 1214 618 1287; x_wconf 71' lang='lat' dir='ltr'><strong>his</strong></span> <span class='ocrx_word' id='word_1_68' title='bbox 676 1215 1027 1311; x_wconf 80' lang='lat' dir='ltr'><strong>repertae)</strong></span> <span class='ocrx_word' id='word_1_69' title='bbox 1101 1219 1178 1284; x_wconf 90' lang='lat' dir='ltr'><strong>E.</strong></span> <span class='ocrx_word' id='word_1_70' title='bbox 1248 1220 1324 1283; x_wconf 82' lang='lat' dir='ltr'><strong>et</strong></span> <span class='ocrx_word' id='word_1_71' title='bbox 1378 1217 1463 1282; x_wconf 91' lang='grc' dir='ltr'><strong>Ο.</strong></span> <span class='ocrx_word' id='word_1_72' title='bbox 1539 1220 1790 1282; x_wconf 72' lang='lat' dir='ltr'><strong>ternas</strong></span> <span class='ocrx_word' id='word_1_73' title='bbox 1871 1206 2230 1279; x_wconf 77' lang='lat' dir='ltr'><strong>habehant</strong></span> <span class='ocrx_word' id='word_1_74' title='bbox 2315 1211 2523 1304; x_wconf 77' lang='lat' dir='ltr'><strong>apud</strong></span> <span class='ocrx_word' id='word_1_75' title='bbox 2588 1233 2715 1284; x_wconf 68' lang='lat' dir='ltr'><strong>eos</strong></span> 
     </span>
     <span class='ocr_line' id='line_1_9' title="bbox 494 1306 2714 1410; baseline -0.002 -25"><span class='ocrx_word' id='word_1_76' title='bbox 494 1322 926 1410; x_wconf 69' lang='lat' dir='ltr'><strong>potestates,</strong></span> <span class='ocrx_word' id='word_1_77' title='bbox 997 1321 1078 1384; x_wconf 81' lang='lat' dir='ltr'><strong>ut</strong></span> <span class='ocrx_word' id='word_1_78' title='bbox 1148 1316 1224 1382; x_wconf 88' lang='lat' dir='ltr'><strong>E.</strong></span> <span class='ocrx_word' id='word_1_79' title='bbox 1290 1320 1482 1382; x_wconf 73' lang='lat' dir='ltr'><strong>esset</strong></span> <span class='ocrx_word' id='word_1_80' title='bbox 1545 1309 1755 1380; x_wconf 82' lang='lat' dir='ltr'><strong>breve</strong></span> <span class='ocrx_word' id='word_1_81' title='bbox 1805 1314 1882 1379; x_wconf 87' lang='lat' dir='ltr'><strong>et</strong></span> <span class='ocrx_word' id='word_1_82' title='bbox 1939 1306 2398 1403; x_wconf 78' lang='lat' dir='ltr'><strong>productum.</strong></span> <span class='ocrx_word' id='word_1_83' title='bbox 2471 1314 2528 1380; x_wconf 91' lang='lat'><strong>1.</strong></span> <span class='ocrx_word' id='word_1_84' title='bbox 2583 1333 2714 1381; x_wconf 81' lang='lat' dir='ltr'><strong>au-</strong></span> 
     </span>
     <span class='ocr_line' id='line_1_10' title="bbox 505 1408 2707 1508; baseline -0.002 -24"><span class='ocrx_word' id='word_1_85' title='bbox 505 1422 646 1484; x_wconf 87' lang='lat' dir='ltr'><strong>tem</strong></span> <span class='ocrx_word' id='word_1_86' title='bbox 713 1411 1005 1508; x_wconf 76' lang='lat' dir='ltr'><strong>longum</strong></span> <span class='ocrx_word' id='word_1_87' title='bbox 1086 1408 1601 1506; x_wconf 82' lang='lat' dir='ltr'><strong>quodammodo</strong></span> <span class='ocrx_word' id='word_1_88' title='bbox 1696 1414 1932 1491; x_wconf 73' lang='lat' dir='ltr'><strong>sonat,</strong></span> <span class='ocrx_word' id='word_1_89' title='bbox 2009 1430 2166 1476; x_wconf 82' lang='lat' dir='ltr'><strong>cum</strong></span> <span class='ocrx_word' id='word_1_90' title='bbox 2228 1415 2302 1477; x_wconf 84' lang='lat' dir='ltr'><strong>et</strong></span> <span class='ocrx_word' id='word_1_91' title='bbox 2363 1412 2438 1478; x_wconf 89' lang='lat' dir='ltr'><strong>E.</strong></span> <span class='ocrx_word' id='word_1_92' title='bbox 2508 1415 2583 1477; x_wconf 83' lang='lat' dir='ltr'><strong>et</strong></span> <span class='ocrx_word' id='word_1_93' title='bbox 2650 1413 2707 1480; x_wconf 85' lang='lat'><strong>1.</strong></span> 
     </span>
     <span class='ocr_line' id='line_1_11' title="bbox 483 1505 2712 1604; baseline -0.002 -22"><span class='ocrx_word' id='word_1_94' title='bbox 483 1510 818 1604; x_wconf 78' lang='lat' dir='ltr'><strong>junctum</strong></span> <span class='ocrx_word' id='word_1_95' title='bbox 882 1519 1015 1581; x_wconf 72' lang='lat' dir='ltr'><strong>eet.</strong></span> <span class='ocrx_word' id='word_1_96' title='bbox 1148 1507 1269 1580; x_wconf 88' lang='lat' dir='ltr'><strong>Et</strong></span> <span class='ocrx_word' id='word_1_97' title='bbox 1340 1514 1425 1579; x_wconf 93' lang='grc' dir='ltr'><strong>Ο.</strong></span> <span class='ocrx_word' id='word_1_98' title='bbox 1513 1505 1853 1578; x_wconf 73' lang='lat' dir='ltr'><strong>similiter</strong></span> <span class='ocrx_word' id='word_1_99' title='bbox 1918 1528 2220 1601; x_wconf 81' lang='lat' dir='ltr'><strong>quoque,</strong></span> <span class='ocrx_word' id='word_1_100' title='bbox 2298 1529 2454 1576; x_wconf 85' lang='lat' dir='ltr'><strong>cum</strong></span> <span class='ocrx_word' id='word_1_101' title='bbox 2519 1517 2712 1578; x_wconf 75' lang='lat' dir='ltr'><strong>esset</strong></span> 
     </span>
     <span class='ocr_line' id='line_1_12' title="bbox 503 1602 2714 1702; baseline -0.002 -22"><span class='ocrx_word' id='word_1_102' title='bbox 503 1632 736 1695; x_wconf 79' lang='lat' dir='ltr'><strong>unum,</strong></span> <span class='ocrx_word' id='word_1_103' title='bbox 786 1607 1086 1690; x_wconf 84' lang='lat' dir='ltr'><strong>brevem,</strong></span> <span class='ocrx_word' id='word_1_104' title='bbox 1128 1615 1199 1677; x_wconf 80' lang='lat' dir='ltr'><strong>et</strong></span> <span class='ocrx_word' id='word_1_105' title='bbox 1235 1604 1422 1677; x_wconf 79' lang='lat' dir='ltr'><strong>idem</strong></span> <span class='ocrx_word' id='word_1_106' title='bbox 1425 1605 1740 1701; x_wconf 82' lang='lat' dir='ltr'><strong>faceret</strong></span> <span class='ocrx_word' id='word_1_107' title='bbox 1768 1602 2062 1700; x_wconf 80' lang='lat' dir='ltr'><strong>longam</strong></span> <span class='ocrx_word' id='word_1_108' title='bbox 2109 1602 2489 1698; x_wconf 72' lang='lat' dir='ltr'><strong>syllabam,</strong></span> <span class='ocrx_word' id='word_1_109' title='bbox 2509 1629 2714 1702; x_wconf 79' lang='lat' dir='ltr'><strong>proe-</strong></span> 
     </span>
     <span class='ocr_line' id='line_1_13' title="bbox 505 1703 2706 1802; baseline 0 -25"><span class='ocrx_word' id='word_1_110' title='bbox 505 1715 711 1779; x_wconf 84' lang='lat' dir='ltr'><strong>terea</strong></span> <span class='ocrx_word' id='word_1_111' title='bbox 745 1706 1184 1802; x_wconf 77' lang='lat' dir='ltr'><strong>exprimeret</strong></span> <span class='ocrx_word' id='word_1_112' title='bbox 1219 1729 1478 1790; x_wconf 86' lang='lat' dir='ltr'><strong>vocem,</strong></span> <span class='ocrx_word' id='word_1_113' title='bbox 1528 1727 1691 1800; x_wconf 76' lang='lat' dir='ltr'><strong>quae</strong></span> <span class='ocrx_word' id='word_1_114' title='bbox 1733 1703 1941 1798; x_wconf 80' lang='lat' dir='ltr'><strong>apud</strong></span> <span class='ocrx_word' id='word_1_115' title='bbox 1985 1726 2110 1773; x_wconf 75' lang='lat' dir='ltr'><strong>eos</strong></span> <span class='ocrx_word' id='word_1_116' title='bbox 2148 1726 2300 1798; x_wconf 80' lang='lat' dir='ltr'><strong>per</strong></span> <span class='ocrx_word' id='word_1_117' title='bbox 2336 1703 2427 1776; x_wconf 88' lang='lat' dir='ltr'><strong>O.</strong></span> <span class='ocrx_word' id='word_1_118' title='bbox 2482 1713 2557 1775; x_wconf 86' lang='lat' dir='ltr'><strong>et</strong></span> <span class='ocrx_word' id='word_1_119' title='bbox 2616 1704 2706 1777; x_wconf 91' lang='lat' dir='ltr'><strong>U.</strong></span> 
     </span>
     <span class='ocr_line' id='line_1_14' title="bbox 504 1801 2713 1898; baseline -0.001 -20"><span class='ocrx_word' id='word_1_120' title='bbox 504 1805 854 1878; x_wconf 70' lang='lat' dir='ltr'><strong>scribitur</strong></span> <span class='ocrx_word' id='word_1_121' title='bbox 914 1809 1061 1888; x_wconf 87' lang='grc' dir='ltr'><strong>ΟΥ,</strong></span> <span class='ocrx_word' id='word_1_122' title='bbox 1109 1802 1218 1873; x_wconf 74' lang='lat' dir='ltr'><strong>sic</strong></span> <span class='ocrx_word' id='word_1_123' title='bbox 1260 1803 1471 1898; x_wconf 80' lang='lat' dir='ltr'><strong>apud</strong></span> <span class='ocrx_word' id='word_1_124' title='bbox 1521 1827 1652 1874; x_wconf 75' lang='lat' dir='ltr'><strong>nos</strong></span> <span class='ocrx_word' id='word_1_125' title='bbox 1704 1825 1987 1898; x_wconf 81' lang='lat' dir='ltr'><strong>quoque</strong></span> <span class='ocrx_word' id='word_1_126' title='bbox 2042 1807 2119 1872; x_wconf 92' lang='lat' dir='ltr'><strong>E.</strong></span> <span class='ocrx_word' id='word_1_127' title='bbox 2168 1810 2241 1872; x_wconf 83' lang='lat' dir='ltr'><strong>et</strong></span> <span class='ocrx_word' id='word_1_128' title='bbox 2275 1808 2359 1873; x_wconf 93' lang='lat' dir='ltr'><strong>O.</strong></span> <span class='ocrx_word' id='word_1_129' title='bbox 2417 1801 2713 1875; x_wconf 78' lang='lat' dir='ltr'><strong>lotidem</strong></span> 
     </span>
     <span class='ocr_line' id='line_1_15' title="bbox 605 1900 2706 1996; baseline -0.002 -21"><span class='ocrx_word' id='word_1_130' title='bbox 605 1911 908 1975; x_wconf 72' lang='lat' dir='ltr'><strong>testates</strong></span> <span class='ocrx_word' id='word_1_131' title='bbox 954 1900 1332 1985; x_wconf 78' lang='lat' dir='ltr'><strong>habebunt,</strong></span> <span class='ocrx_word' id='word_1_132' title='bbox 1390 1911 1464 1973; x_wconf 79' lang='lat' dir='ltr'><strong>et</strong></span> <span class='ocrx_word' id='word_1_133' title='bbox 1516 1900 1830 1985; x_wconf 78' lang='lat' dir='ltr'><strong>easdem,</strong></span> <span class='ocrx_word' id='word_1_134' title='bbox 1880 1924 2065 1996; x_wconf 66' lang='lat' dir='ltr'><em>qua-3</em></span> <span class='ocrx_word' id='word_1_135' title='bbox 2115 1900 2322 1996; x_wconf 77' lang='lat' dir='ltr'><strong>apud</strong></span> <span class='ocrx_word' id='word_1_136' title='bbox 2383 1902 2706 1975; x_wconf 74' lang='lat' dir='ltr'><strong>Graecos.</strong></span> 
     </span>
     <span class='ocr_line' id='line_1_16' title="bbox 342 1998 2713 2076; baseline 0 -4"><span class='ocrx_word' id='word_1_137' title='bbox 342 2006 484 2074; x_wconf 84' lang='lat'><strong>129</strong></span> <span class='ocrx_word' id='word_1_138' title='bbox 611 1999 861 2076; x_wconf 87' lang='lat' dir='ltr'><strong>ofecto</strong></span> <span class='ocrx_word' id='word_1_139' title='bbox 946 1999 1009 2070; x_wconf 91' lang='lat' dir='ltr'><strong>si</strong></span> <span class='ocrx_word' id='word_1_140' title='bbox 1064 2000 1106 2041; x_wconf 70' lang='lat'><strong>¹*</strong></span> <span class='ocrx_word' id='word_1_141' title='bbox 1143 1999 1222 2070; x_wconf 93' lang='lat' dir='ltr'><strong>in</strong></span> <span class='ocrx_word' id='word_1_142' title='bbox 1300 1998 1418 2071; x_wconf 90' lang='lat' dir='ltr'><strong>his</strong></span> <span class='ocrx_word' id='word_1_143' title='bbox 1512 1998 1968 2072; x_wconf 88' lang='lat' dir='ltr'><strong>sententiam</strong></span> <span class='ocrx_word' id='word_1_144' title='bbox 2033 2000 2178 2071; x_wconf 89' lang='lat' dir='ltr'><strong>sibi</strong></span> <span class='ocrx_word' id='word_1_145' title='bbox 2246 2009 2713 2072; x_wconf 81' lang='lat' dir='ltr'><strong>constantem</strong></span> 
     </span>
     <span class='ocr_line' id='line_1_17' title="bbox 508 2096 2709 2195; baseline 0.001 -25"><span class='ocrx_word' id='word_1_146' title='bbox 508 2120 822 2195; x_wconf 77' lang='lat' dir='ltr'><strong>quaera8‚</strong></span> <span class='ocrx_word' id='word_1_147' title='bbox 901 2096 1179 2170; x_wconf 85' lang='lat' dir='ltr'><strong>frustra</strong></span> <span class='ocrx_word' id='word_1_148' title='bbox 1246 2119 1366 2185; x_wconf 86' lang='lat' dir='ltr'><strong>es;</strong></span> <span class='ocrx_word' id='word_1_149' title='bbox 1449 2097 1513 2170; x_wconf 87' lang='lat' dir='ltr'><strong>si</strong></span> <span class='ocrx_word' id='word_1_150' title='bbox 1576 2097 2171 2194; x_wconf 82' lang='lat' dir='ltr'><strong>grammaticam,</strong></span> <span class='ocrx_word' id='word_1_151' title='bbox 2243 2099 2709 2172; x_wconf 84' lang='lat' dir='ltr'><strong>tantundem.</strong></span> 
     </span>
     <span class='ocr_line' id='line_1_18' title="bbox 512 2194 2711 2271; baseline 0 -1"><span class='ocrx_word' id='word_1_152' title='bbox 512 2198 594 2270; x_wconf 90' lang='lat' dir='ltr'><strong>Si</strong></span> <span class='ocrx_word' id='word_1_153' title='bbox 629 2220 805 2270; x_wconf 90' lang='lat' dir='ltr'><strong>cum</strong></span> <span class='ocrx_word' id='word_1_154' title='bbox 831 2195 996 2270; x_wconf 85' lang='lat' dir='ltr'><strong>viro</strong></span> <span class='ocrx_word' id='word_1_155' title='bbox 1028 2194 1334 2268; x_wconf 76' lang='lat' dir='ltr'><strong>doctisS.</strong></span> <span class='ocrx_word' id='word_1_156' title='bbox 1391 2195 1875 2270; x_wconf 86' lang='lat' dir='ltr'><strong>Victorinum</strong></span> <span class='ocrx_word' id='word_1_157' title='bbox 1901 2205 2190 2269; x_wconf 89' lang='lat' dir='ltr'><strong>statuas</strong></span> <span class='ocrx_word' id='word_1_158' title='bbox 2226 2197 2321 2271; x_wconf 90' lang='lat' dir='ltr'><strong>de</strong></span> <span class='ocrx_word' id='word_1_159' title='bbox 2352 2204 2409 2269; x_wconf 88' lang='lat' dir='ltr'>E</span> <span class='ocrx_word' id='word_1_160' title='bbox 2443 2200 2711 2271; x_wconf 84' lang='lat' dir='ltr'><strong>Graeco</strong></span> 
     </span>
     <span class='ocr_line' id='line_1_19' title="bbox 507 2294 2717 2391; baseline 0 -22"><span class='ocrx_word' id='word_1_161' title='bbox 507 2295 636 2369; x_wconf 91' lang='lat' dir='ltr'><strong>hic</strong></span> <span class='ocrx_word' id='word_1_162' title='bbox 669 2317 917 2391; x_wconf 88' lang='lat' dir='ltr'><strong>agere,</strong></span> <span class='ocrx_word' id='word_1_163' title='bbox 951 2294 1345 2368; x_wconf 87' lang='lat' dir='ltr'><strong>exordium</strong></span> <span class='ocrx_word' id='word_1_164' title='bbox 1378 2294 1610 2381; x_wconf 89' lang='lat' dir='ltr'><strong>istud,</strong></span> <span class='ocrx_word' id='word_1_165' title='bbox 1661 2296 1937 2368; x_wconf 76' lang='lat' dir='ltr'><strong>Nostri</strong></span> <span class='ocrx_word' id='word_1_166' title='bbox 1970 2296 2240 2368; x_wconf 81' lang='lat' dir='ltr'><strong>Latini</strong></span> <span class='ocrx_word' id='word_1_167' title='bbox 2283 2322 2440 2367; x_wconf 83' lang='lat' dir='ltr'><strong>cum</strong></span> <span class='ocrx_word' id='word_1_168' title='bbox 2474 2297 2717 2369; x_wconf 73' lang='lat' dir='ltr'><strong>literis</strong></span> 
     </span>
     <span class='ocr_line' id='line_1_20' title="bbox 508 2394 2716 2493; baseline -0 -24"><span class='ocrx_word' id='word_1_169' title='bbox 508 2405 902 2481; x_wconf 78' lang='lat' dir='ltr'><strong>uterentur,</strong></span> <span class='ocrx_word' id='word_1_170' title='bbox 969 2419 1152 2493; x_wconf 71' lang='lat' dir='ltr'><strong>quas</strong></span> <span class='ocrx_word' id='word_1_171' title='bbox 1204 2419 1254 2468; x_wconf 83' lang='lat' dir='ltr'><strong><em>a</em></strong></span> <span class='ocrx_word' id='word_1_172' title='bbox 1308 2394 1596 2468; x_wconf 75' lang='lat' dir='ltr'><strong>Groecis</strong></span> <span class='ocrx_word' id='word_1_173' title='bbox 1660 2404 2122 2492; x_wconf 77' lang='lat' dir='ltr'><strong>acceperant,</strong></span> <span class='ocrx_word' id='word_1_174' title='bbox 2179 2404 2332 2468; x_wconf 92' lang='lat' dir='ltr'><strong>tam</strong></span> <span class='ocrx_word' id='word_1_175' title='bbox 2394 2396 2540 2469; x_wconf 92' lang='lat' dir='ltr'><strong>erit</strong></span> <span class='ocrx_word' id='word_1_176' title='bbox 2603 2397 2716 2468; x_wconf 87' lang='lat' dir='ltr'><strong>in-</strong></span> 
     </span>
     <span class='ocr_line' id='line_1_21' title="bbox 510 2495 2710 2593; baseline 0 -24"><span class='ocrx_word' id='word_1_177' title='bbox 510 2504 776 2593; x_wconf 88' lang='lat' dir='ltr'><strong>eptum</strong></span> <span class='ocrx_word' id='word_1_178' title='bbox 808 2516 1035 2592; x_wconf 89' lang='lat' dir='ltr'><strong>quam</strong></span> <span class='ocrx_word' id='word_1_179' title='bbox 1088 2495 1296 2591; x_wconf 90' lang='lat' dir='ltr'><strong>quod</strong></span> <span class='ocrx_word' id='word_1_180' title='bbox 1330 2495 1912 2592; x_wconf 88' lang='lat' dir='ltr'><strong>ineptissimum.</strong></span> <span class='ocrx_word' id='word_1_181' title='bbox 2041 2495 2173 2567; x_wconf 91' lang='lat' dir='ltr'><strong>Sin</strong></span> <span class='ocrx_word' id='word_1_182' title='bbox 2207 2495 2462 2567; x_wconf 91' lang='lat' dir='ltr'><strong>locum</strong></span> <span class='ocrx_word' id='word_1_183' title='bbox 2503 2495 2710 2569; x_wconf 88' lang='lat' dir='ltr'><strong>circa</strong></span> 
     </span>
     <span class='ocr_line' id='line_1_22' title="bbox 513 2594 2713 2692; baseline -0.001 -24"><span class='ocrx_word' id='word_1_184' title='bbox 513 2601 571 2668; x_wconf 90' lang='lat' dir='ltr'>E</span> <span class='ocrx_word' id='word_1_185' title='bbox 605 2595 857 2675; x_wconf 85' lang='lat' dir='ltr'><strong>Latini</strong></span> <span class='ocrx_word' id='word_1_186' title='bbox 912 2602 1371 2692; x_wconf 88' lang='lat' dir='ltr'><strong>potestatem</strong></span> <span class='ocrx_word' id='word_1_187' title='bbox 1405 2594 1687 2668; x_wconf 85' lang='lat' dir='ltr'><strong>versari</strong></span> <span class='ocrx_word' id='word_1_188' title='bbox 1746 2595 1976 2676; x_wconf 90' lang='lat' dir='ltr'><strong>dicas,</strong></span> <span class='ocrx_word' id='word_1_189' title='bbox 2024 2594 2229 2689; x_wconf 89' lang='lat' dir='ltr'><strong>quod</strong></span> <span class='ocrx_word' id='word_1_190' title='bbox 2277 2604 2356 2665; x_wconf 90' lang='lat' dir='ltr'><strong>et</strong></span> <span class='ocrx_word' id='word_1_191' title='bbox 2389 2594 2552 2667; x_wconf 84' lang='lat' dir='ltr'><strong>veri</strong></span> <span class='ocrx_word' id='word_1_192' title='bbox 2598 2594 2713 2668; x_wconf 83' lang='lat' dir='ltr'><strong>vi-</strong></span> 
     </span>
     <span class='ocr_line' id='line_1_23' title="bbox 513 2693 2711 2792; baseline 0.001 -27"><span class='ocrx_word' id='word_1_193' title='bbox 513 2693 735 2767; x_wconf 92' lang='lat' dir='ltr'><strong>detur</strong></span> <span class='ocrx_word' id='word_1_194' title='bbox 784 2693 1126 2781; x_wconf 76' lang='lat' dir='ltr'><strong>similiuS,</strong></span> <span class='ocrx_word' id='word_1_195' title='bbox 1180 2693 1601 2790; x_wconf 81' lang='lat' dir='ltr'><strong>posteriora</strong></span> <span class='ocrx_word' id='word_1_196' title='bbox 1647 2717 1799 2767; x_wconf 90' lang='lat' dir='ltr'><strong>non</strong></span> <span class='ocrx_word' id='word_1_197' title='bbox 1854 2693 1964 2766; x_wconf 89' lang='lat' dir='ltr'><strong>ita</strong></span> <span class='ocrx_word' id='word_1_198' title='bbox 1998 2702 2503 2789; x_wconf 88' lang='lat' dir='ltr'><strong>congruenter</strong></span> <span class='ocrx_word' id='word_1_199' title='bbox 2538 2717 2711 2792; x_wconf 91' lang='lat' dir='ltr'><strong>pro-</strong></span> 
     </span>
     <span class='ocr_line' id='line_1_24' title="bbox 514 2792 2703 2889; baseline 0 -23"><span class='ocrx_word' id='word_1_200' title='bbox 514 2792 807 2866; x_wconf 86' lang='lat' dir='ltr'><strong>cedent.</strong></span> <span class='ocrx_word' id='word_1_201' title='bbox 895 2792 1121 2865; x_wconf 91' lang='lat' dir='ltr'><strong>Nullo</strong></span> <span class='ocrx_word' id='word_1_202' title='bbox 1147 2792 1455 2888; x_wconf 91' lang='lat' dir='ltr'><strong>quidem</strong></span> <span class='ocrx_word' id='word_1_203' title='bbox 1479 2792 1791 2887; x_wconf 86' lang='lat' dir='ltr'><strong>negotio</strong></span> <span class='ocrx_word' id='word_1_204' title='bbox 1827 2793 1935 2865; x_wconf 89' lang='lat' dir='ltr'><strong>ita</strong></span> <span class='ocrx_word' id='word_1_205' title='bbox 1959 2792 2345 2866; x_wconf 86' lang='lat' dir='ltr'><strong>immutari</strong></span> <span class='ocrx_word' id='word_1_206' title='bbox 2371 2803 2703 2889; x_wconf 85' lang='lat' dir='ltr'><strong>possent,</strong></span> 
     </span>
     <span class='ocr_line' id='line_1_25' title="bbox 513 2891 2704 2988; baseline 0 -23"><span class='ocrx_word' id='word_1_207' title='bbox 513 2899 602 2965; x_wconf 91' lang='lat' dir='ltr'><strong>ut</strong></span> <span class='ocrx_word' id='word_1_208' title='bbox 658 2891 1256 2988; x_wconf 84' lang='lat' dir='ltr'><strong>praecedentibus</strong></span> <span class='ocrx_word' id='word_1_209' title='bbox 1307 2891 1452 2963; x_wconf 93' lang='lat' dir='ltr'><strong>hoc</strong></span> <span class='ocrx_word' id='word_1_210' title='bbox 1511 2914 1739 2964; x_wconf 88' lang='lat' dir='ltr'><strong>sensu</strong></span> <span class='ocrx_word' id='word_1_211' title='bbox 1792 2891 2128 2987; x_wconf 90' lang='lat' dir='ltr'><strong>acceptis</strong></span> <span class='ocrx_word' id='word_1_212' title='bbox 2191 2893 2704 2967; x_wconf 89' lang='lat' dir='ltr'><strong>convenirent.</strong></span> 
     </span>
     <span class='ocr_line' id='line_1_26' title="bbox 515 2989 2711 3086; baseline 0 -23"><span class='ocrx_word' id='word_1_213' title='bbox 515 2989 711 3063; x_wconf 90' lang='lat' dir='ltr'><strong>Mihi</strong></span> <span class='ocrx_word' id='word_1_214' title='bbox 771 3011 955 3062; x_wconf 85' lang='lat' dir='ltr'><strong>vero</strong></span> <span class='ocrx_word' id='word_1_215' title='bbox 1005 2990 1186 3063; x_wconf 87' lang='lat' dir='ltr'><strong>satis</strong></span> <span class='ocrx_word' id='word_1_216' title='bbox 1239 2999 1379 3076; x_wconf 91' lang='lat' dir='ltr'><strong>est,</strong></span> <span class='ocrx_word' id='word_1_217' title='bbox 1448 2989 1654 3086; x_wconf 91' lang='lat' dir='ltr'><strong>quod</strong></span> <span class='ocrx_word' id='word_1_218' title='bbox 1706 2990 1851 3062; x_wconf 92' lang='lat' dir='ltr'><strong>loci</strong></span> <span class='ocrx_word' id='word_1_219' title='bbox 1909 2999 2065 3062; x_wconf 88' lang='lat' dir='ltr'><strong>tam</strong></span> <span class='ocrx_word' id='word_1_220' title='bbox 2124 2991 2246 3064; x_wconf 85' lang='lat' dir='ltr'><strong>vel</strong></span> <span class='ocrx_word' id='word_1_221' title='bbox 2302 2992 2543 3064; x_wconf 88' lang='lat' dir='ltr'><strong>futilis</strong></span> <span class='ocrx_word' id='word_1_222' title='bbox 2590 2992 2711 3064; x_wconf 87' lang='lat' dir='ltr'><strong>vel</strong></span> 
     </span>
     <span class='ocr_line' id='line_1_27' title="bbox 514 3087 2702 3186; baseline -0 -23"><span class='ocrx_word' id='word_1_223' title='bbox 514 3087 905 3186; x_wconf 87' lang='lat' dir='ltr'><strong>depravati</strong></span> <span class='ocrx_word' id='word_1_224' title='bbox 966 3089 1169 3161; x_wconf 90' lang='lat' dir='ltr'><strong>nulla</strong></span> <span class='ocrx_word' id='word_1_225' title='bbox 1200 3088 1304 3161; x_wconf 90' lang='lat' dir='ltr'><strong>sit</strong></span> <span class='ocrx_word' id='word_1_226' title='bbox 1334 3088 1766 3162; x_wconf 87' lang='lat' dir='ltr'><strong>auctoritas.</strong></span> <span class='ocrx_word' id='word_1_227' title='bbox 1872 3088 2099 3171; x_wconf 84' lang='lat' dir='ltr'><strong>Quod</strong></span> <span class='ocrx_word' id='word_1_228' title='bbox 2152 3099 2409 3165; x_wconf 91' lang='lat' dir='ltr'><strong>autem</strong></span> <span class='ocrx_word' id='word_1_229' title='bbox 2458 3091 2552 3165; x_wconf 90' lang='lat' dir='ltr'><strong>ad</strong></span> <span class='ocrx_word' id='word_1_230' title='bbox 2588 3091 2702 3162; x_wconf 90' lang='lat' dir='ltr'><strong>in·</strong></span> 
     </span>
     <span class='ocr_line' id='line_1_28' title="bbox 516 3186 2705 3284; baseline 0 -22"><span class='ocrx_word' id='word_1_231' title='bbox 516 3187 986 3284; x_wconf 86' lang='lat' dir='ltr'><strong>scriptiones,</strong></span> <span class='ocrx_word' id='word_1_232' title='bbox 1036 3209 1221 3283; x_wconf 90' lang='lat' dir='ltr'><strong>quas</strong></span> <span class='ocrx_word' id='word_1_233' title='bbox 1253 3187 1512 3260; x_wconf 89' lang='lat' dir='ltr'><strong>laudat</strong></span> <span class='ocrx_word' id='word_1_234' title='bbox 1542 3187 1656 3260; x_wconf 89' lang='lat' dir='ltr'><strong>vir</strong></span> <span class='ocrx_word' id='word_1_235' title='bbox 1689 3186 2020 3272; x_wconf 70' lang='lat' dir='ltr'><strong>doctiss„</strong></span> <span class='ocrx_word' id='word_1_236' title='bbox 2080 3187 2385 3283; x_wconf 87' lang='lat' dir='ltr'><strong>Sigeam</strong></span> <span class='ocrx_word' id='word_1_237' title='bbox 2432 3198 2511 3263; x_wconf 92' lang='lat' dir='ltr'><strong>et</strong></span> <span class='ocrx_word' id='word_1_238' title='bbox 2551 3190 2705 3262; x_wconf 91' lang='lat' dir='ltr'><strong>De·</strong></span> 
     </span>
     <span class='ocr_line' id='line_1_29' title="bbox 512 3285 2704 3382; baseline 0 -21"><span class='ocrx_word' id='word_1_239' title='bbox 512 3286 779 3361; x_wconf 87' lang='lat' dir='ltr'><strong>liacam</strong></span> <span class='ocrx_word' id='word_1_240' title='bbox 824 3285 1121 3370; x_wconf 88' lang='lat' dir='ltr'><strong>attinet,</strong></span> <span class='ocrx_word' id='word_1_241' title='bbox 1178 3285 1272 3358; x_wconf 91' lang='lat' dir='ltr'><strong>de</strong></span> <span class='ocrx_word' id='word_1_242' title='bbox 1318 3285 1435 3371; x_wconf 90' lang='lat' dir='ltr'><strong>iis,</strong></span> <span class='ocrx_word' id='word_1_243' title='bbox 1488 3286 1673 3382; x_wconf 92' lang='lat' dir='ltr'><strong>quid</strong></span> <span class='ocrx_word' id='word_1_244' title='bbox 1727 3286 2216 3359; x_wconf 86' lang='lat' dir='ltr'><strong>statuendum</strong></span> <span class='ocrx_word' id='word_1_245' title='bbox 2269 3290 2704 3375; x_wconf 74' lang='lat' dir='ltr'><strong>sentiamuS,</strong></span> 
     </span>
     <span class='ocr_line' id='line_1_30' title="bbox 507 3384 1309 3483; baseline -0.006 -22"><span class='ocrx_word' id='word_1_246' title='bbox 507 3384 671 3482; x_wconf 87' lang='lat' dir='ltr'><strong>jam</strong></span> <span class='ocrx_word' id='word_1_247' title='bbox 702 3407 933 3483; x_wconf 89' lang='lat' dir='ltr'><strong>supra</strong></span> <span class='ocrx_word' id='word_1_248' title='bbox 960 3384 1309 3458; x_wconf 86' lang='lat' dir='ltr'><strong>diximus.</strong></span> 
     </span>
    </p>

    <p class='ocr_par' dir='ltr' id='par_1_3' title="bbox 515 3476 2714 3881">
     <span class='ocr_line' id='line_1_31' title="bbox 618 3476 2707 3583; baseline 0 -23"><span class='ocrx_word' id='word_1_249' title='bbox 618 3485 767 3560; x_wconf 91' lang='lat' dir='ltr'><strong>Sed</strong></span> <span class='ocrx_word' id='word_1_250' title='bbox 814 3484 1133 3559; x_wconf 87' lang='lat' dir='ltr'><strong>alterum</strong></span> <span class='ocrx_word' id='word_1_251' title='bbox 1184 3506 1410 3582; x_wconf 90' lang='lat' dir='ltr'><strong>porro</strong></span> <span class='ocrx_word' id='word_1_252' title='bbox 1442 3483 1563 3558; x_wconf 85' lang='lat' dir='ltr'><strong>vir</strong></span> <span class='ocrx_word' id='word_1_253' title='bbox 1609 3485 1919 3581; x_wconf 90' lang='lat' dir='ltr'><strong>quidam</strong></span> <span class='ocrx_word' id='word_1_254' title='bbox 1953 3476 2351 3575; x_wconf 77' lang='lat' dir='ltr'><strong>erudituS‚&#39;</strong></span> <span class='ocrx_word' id='word_1_255' title='bbox 2376 3510 2707 3583; x_wconf 89' lang='lat' dir='ltr'><strong>quocum</strong></span> 
     </span>
     <span class='ocr_line' id='line_1_32' title="bbox 518 3583 2711 3684; baseline 0.002 -31"><span class='ocrx_word' id='word_1_256' title='bbox 518 3584 701 3657; x_wconf 91' lang='lat' dir='ltr'><strong>mihi</strong></span> <span class='ocrx_word' id='word_1_257' title='bbox 734 3584 824 3656; x_wconf 90' lang='lat' dir='ltr'><strong>lis</strong></span> <span class='ocrx_word' id='word_1_258' title='bbox 879 3584 1328 3670; x_wconf 88' lang='lat' dir='ltr'><strong>intercessit,</strong></span> <span class='ocrx_word' id='word_1_259' title='bbox 1380 3583 1528 3657; x_wconf 87' lang='lat' dir='ltr'><strong>viri</strong></span> <span class='ocrx_word' id='word_1_260' title='bbox 1568 3584 1872 3659; x_wconf 87' lang='lat' dir='ltr'><strong>doctiss.</strong></span> <span class='ocrx_word' id='word_1_261' title='bbox 1927 3598 2460 3684; x_wconf 81' lang='lat' dir='ltr'><strong>argumentum</strong></span> <span class='ocrx_word' id='word_1_262' title='bbox 2494 3585 2711 3680; x_wconf 90' lang='lat' dir='ltr'><strong>adju-</strong></span> 
     </span>
     <span class='ocr_line' id='line_1_33' title="bbox 515 3682 2702 3784; baseline 0.003 -33"><span class='ocrx_word' id='word_1_263' title='bbox 515 3687 734 3751; x_wconf 89' lang='lat' dir='ltr'><strong>turus</strong></span> <span class='ocrx_word' id='word_1_264' title='bbox 761 3705 857 3752; x_wconf 84' lang='lat' dir='ltr'><strong>ex</strong></span> <span class='ocrx_word' id='word_1_265' title='bbox 869 3682 1259 3758; x_wconf 89' lang='lat' dir='ltr'><strong>Victorino</strong></span> <span class='ocrx_word' id='word_1_266' title='bbox 1278 3684 1530 3758; x_wconf 89' lang='lat' dir='ltr'><strong>locum</strong></span> <span class='ocrx_word' id='word_1_267' title='bbox 1549 3684 1862 3759; x_wconf 90' lang='lat' dir='ltr'><strong>adducit</strong></span> <span class='ocrx_word' id='word_1_268' title='bbox 1871 3684 1946 3772; x_wconf 81' lang='lat'><strong>⁵⁸,</strong></span> <span class='ocrx_word' id='word_1_269' title='bbox 1964 3709 2138 3784; x_wconf 81' lang='lat' dir='ltr'><strong>pag.</strong></span> <span class='ocrx_word' id='word_1_270' title='bbox 2159 3693 2257 3757; x_wconf 84' lang='lat'><strong>30</strong></span> <span class='ocrx_word' id='word_1_271' title='bbox 2274 3688 2702 3777; x_wconf 79' lang='lat'><strong>[=.-2468.].</strong></span> 
     </span>
     <span class='ocr_line' id='line_1_34' title="bbox 518 3774 2714 3881; baseline 0.003 -34"><span class='ocrx_word' id='word_1_272' title='bbox 518 3774 639 3847; x_wconf 81' lang='lat' dir='ltr'><strong>Et</strong></span> <span class='ocrx_word' id='word_1_273' title='bbox 668 3778 1249 3873; x_wconf 60' lang='lat' dir='ltr'><strong>significaveram</strong></span> <span class='ocrx_word' id='word_1_274' title='bbox 1287 3784 1510 3881; x_wconf 68' lang='lat' dir='ltr'><strong>prius</strong></span> <span class='ocrx_word' id='word_1_275' title='bbox 1563 3808 1776 3880; x_wconf 77' lang='lat' dir='ltr'><strong>quam</strong></span> <span class='ocrx_word' id='word_1_276' title='bbox 1842 3785 2128 3859; x_wconf 70' lang='lat' dir='ltr'><strong>Graecis</strong></span> <span class='ocrx_word' id='word_1_277' title='bbox 2180 3786 2374 3856; x_wconf 82' lang='lat' dir='ltr'><strong>inter</strong></span> <span class='ocrx_word' id='word_1_278' title='bbox 2428 3782 2714 3854; x_wconf 73' lang='lat' dir='ltr'><strong>vocales</strong></span> 
     </span>
    </p>
   </div>
   <div class='ocr_carea' id='block_1_3' title="bbox 517 4010 2711 4491">
    <p class='ocr_par' dir='ltr' id='par_1_4' title="bbox 517 4010 2711 4491">
     <span class='ocr_line' id='line_1_35' title="bbox 602 4010 2704 4094; baseline 0.001 -25"><span class='ocrx_word' id='word_1_279' title='bbox 602 4013 698 4073; x_wconf 79' lang='lat'><strong>57.</strong></span> <span class='ocrx_word' id='word_1_280' title='bbox 740 4010 815 4069; x_wconf 79' lang='lat' dir='ltr'><strong>R.</strong></span> <span class='ocrx_word' id='word_1_281' title='bbox 837 4011 919 4070; x_wconf 83' lang='lat' dir='ltr'><strong>D.</strong></span> <span class='ocrx_word' id='word_1_282' title='bbox 949 4014 1004 4070; x_wconf 79' lang='lat' dir='ltr'><strong>in</strong></span> <span class='ocrx_word' id='word_1_283' title='bbox 1033 4016 1296 4093; x_wconf 76' lang='lat' dir='ltr'><strong>Append.</strong></span> <span class='ocrx_word' id='word_1_284' title='bbox 1327 4038 1384 4094; x_wconf 88' lang='lat' dir='ltr'><strong>p.</strong></span> <span class='ocrx_word' id='word_1_285' title='bbox 1422 4018 1557 4078; x_wconf 72' lang='lat'><strong>14⁹.</strong></span> <span class='ocrx_word' id='word_1_286' title='bbox 1660 4022 1991 4079; x_wconf 83' lang='lat' dir='ltr'><strong>recensione</strong></span> <span class='ocrx_word' id='word_1_287' title='bbox 2018 4025 2063 4077; x_wconf 81' lang='grc' dir='ltr'>Υ</span> <span class='ocrx_word' id='word_1_288' title='bbox 2099 4015 2424 4075; x_wconf 76' lang='lat' dir='ltr'><strong>addititiam</strong></span> <span class='ocrx_word' id='word_1_289' title='bbox 2449 4034 2576 4073; x_wconf 86' lang='lat' dir='ltr'><strong>esse</strong></span> <span class='ocrx_word' id='word_1_290' title='bbox 2597 4034 2704 4072; x_wconf 82' lang='lat' dir='ltr'><strong>ex-</strong></span> 
     </span>
     <span class='ocr_line' id='line_1_36' title="bbox 522 4091 2709 4172; baseline 0.002 -24"><span class='ocrx_word' id='word_1_291' title='bbox 522 4091 660 4171; x_wconf 76' lang='lat' dir='ltr'><strong>legit</strong></span> <span class='ocrx_word' id='word_1_292' title='bbox 697 4091 1120 4150; x_wconf 82' lang='lat' dir='ltr'><strong>habebant—et</strong></span> <span class='ocrx_word' id='word_1_293' title='bbox 1175 4095 1323 4151; x_wconf 79' lang='lat' dir='ltr'><strong>infra</strong></span> <span class='ocrx_word' id='word_1_294' title='bbox 1437 4097 1557 4165; x_wconf 89' lang='lat' dir='ltr'><strong>ulo,</strong></span> <span class='ocrx_word' id='word_1_295' title='bbox 1659 4098 1872 4156; x_wconf 83' lang='lat' dir='ltr'><strong>istimat</strong></span> <span class='ocrx_word' id='word_1_296' title='bbox 1920 4095 2269 4156; x_wconf 68' lang='lat' dir='ltr'><strong>Bouhier-ius.</strong></span> <span class='ocrx_word' id='word_1_297' title='bbox 2334 4092 2503 4169; x_wconf 83' lang='lat' dir='ltr'><strong>Legit</strong></span> <span class='ocrx_word' id='word_1_298' title='bbox 2546 4114 2709 4172; x_wconf 84' lang='lat' dir='ltr'><strong>ergo,</strong></span> 
     </span>
     <span class='ocr_line' id='line_1_37' title="bbox 520 4167 2709 4253; baseline 0.002 -24"><span class='ocrx_word' id='word_1_299' title='bbox 520 4183 750 4230; x_wconf 79' lang='lat' dir='ltr'><strong>sonaret</strong></span> <span class='ocrx_word' id='word_1_300' title='bbox 773 4191 892 4229; x_wconf 77' lang='lat' dir='ltr'><strong>cum</strong></span> <span class='ocrx_word' id='word_1_301' title='bbox 932 4191 999 4228; x_wconf 73' lang='lat' dir='ltr'><strong>ex</strong></span> <span class='ocrx_word' id='word_1_302' title='bbox 1037 4167 1319 4248; x_wconf 76' lang='lat' dir='ltr'><strong>[Graecis]</strong></span> <span class='ocrx_word' id='word_1_303' title='bbox 1427 4184 1480 4230; x_wconf 80' lang='lat' dir='ltr'><strong>et</strong></span> <span class='ocrx_word' id='word_1_304' title='bbox 1524 4175 1552 4232; x_wconf 94' lang='lat'>1</span> <span class='ocrx_word' id='word_1_305' title='bbox 1658 4175 1734 4245; x_wconf 82' lang='lat' dir='ltr'><strong>A,</strong></span> <span class='ocrx_word' id='word_1_306' title='bbox 1766 4175 1834 4245; x_wconf 83' lang='lat' dir='ltr'><strong>E,</strong></span> <span class='ocrx_word' id='word_1_307' title='bbox 1860 4176 1909 4245; x_wconf 91' lang='lat'><strong>1,</strong></span> <span class='ocrx_word' id='word_1_308' title='bbox 1939 4175 2016 4244; x_wconf 91' lang='lat' dir='ltr'><strong>O,</strong></span> <span class='ocrx_word' id='word_1_309' title='bbox 2072 4172 2192 4253; x_wconf 92' lang='lat' dir='ltr'><strong>[U]</strong></span> <span class='ocrx_word' id='word_1_310' title='bbox 2234 4175 2395 4248; x_wconf 77' lang='lat' dir='ltr'><strong>(nam</strong></span> <span class='ocrx_word' id='word_1_311' title='bbox 2426 4178 2498 4244; x_wconf 80' lang='lat' dir='ltr'><strong>H,</strong></span> <span class='ocrx_word' id='word_1_312' title='bbox 2548 4180 2612 4245; x_wconf 80' lang='grc' dir='ltr'><strong>Υ,</strong></span> <span class='ocrx_word' id='word_1_313' title='bbox 2654 4184 2709 4233; x_wconf 74' lang='lat' dir='ltr'><strong>ee</strong></span> 
     </span>
     <span class='ocr_line' id='line_1_38' title="bbox 518 4248 2137 4333; baseline 0.002 -25"><span class='ocrx_word' id='word_1_314' title='bbox 518 4251 737 4309; x_wconf 79' lang='lat' dir='ltr'><strong>ductum</strong></span> <span class='ocrx_word' id='word_1_315' title='bbox 761 4259 916 4309; x_wconf 72' lang='lat' dir='ltr'><strong>esset.</strong></span> <span class='ocrx_word' id='word_1_316' title='bbox 995 4248 1090 4309; x_wconf 88' lang='lat' dir='ltr'><strong>Ex</strong></span> <span class='ocrx_word' id='word_1_317' title='bbox 1131 4250 1236 4308; x_wconf 84' lang='lat' dir='ltr'><strong>hac</strong></span> <span class='ocrx_word' id='word_1_318' title='bbox 1277 4251 1555 4310; x_wconf 84' lang='lat' dir='ltr'><strong>tumultu·</strong></span> <span class='ocrx_word' id='word_1_319' title='bbox 1657 4259 1727 4314; x_wconf 91' lang='grc' dir='ltr'><strong>Ο.</strong></span> <span class='ocrx_word' id='word_1_320' title='bbox 1750 4264 1951 4333; x_wconf 71' lang='lat' dir='ltr'><strong>postea</strong></span> <span class='ocrx_word' id='word_1_321' title='bbox 1972 4259 2137 4329; x_wconf 85' lang='lat' dir='ltr'><strong>etc.).</strong></span> 
     </span>
     <span class='ocr_line' id='line_1_39' title="bbox 517 4324 2711 4411; baseline 0.003 -24"><span class='ocrx_word' id='word_1_322' title='bbox 517 4348 620 4387; x_wconf 75' lang='lat' dir='ltr'><strong>osa</strong></span> <span class='ocrx_word' id='word_1_323' title='bbox 667 4332 930 4411; x_wconf 77' lang='lat' dir='ltr'><strong>congerie</strong></span> <span class='ocrx_word' id='word_1_324' title='bbox 981 4341 1230 4389; x_wconf 86' lang='lat' dir='ltr'><strong>mentem</strong></span> <span class='ocrx_word' id='word_1_325' title='bbox 1279 4324 1555 4389; x_wconf 86' lang='lat' dir='ltr'><strong>Victorini</strong></span> <span class='ocrx_word' id='word_1_326' title='bbox 1736 4338 1833 4390; x_wconf 80' lang='grc'><strong>68.</strong></span> <span class='ocrx_word' id='word_1_327' title='bbox 1904 4332 2231 4396; x_wconf 84' lang='lat' dir='ltr'><strong>Comment.</strong></span> <span class='ocrx_word' id='word_1_328' title='bbox 2303 4335 2378 4395; x_wconf 84' lang='lat' dir='ltr'><strong>ad</strong></span> <span class='ocrx_word' id='word_1_329' title='bbox 2443 4334 2711 4395; x_wconf 81' lang='lat' dir='ltr'><strong>Marmor</strong></span> 
     </span>
     <span class='ocr_line' id='line_1_40' title="bbox 517 4406 2555 4491; baseline 0.004 -27"><span class='ocrx_word' id='word_1_330' title='bbox 517 4411 741 4486; x_wconf 67' lang='lat' dir='ltr'><strong>assoqtn</strong></span> <span class='ocrx_word' id='word_1_331' title='bbox 765 4432 1005 4491; x_wconf 86' lang='lat' dir='ltr'><strong>nequeo.</strong></span> <span class='ocrx_word' id='word_1_332' title='bbox 1047 4410 1114 4468; x_wconf 91' lang='lat' dir='ltr'><strong>In</strong></span> <span class='ocrx_word' id='word_1_333' title='bbox 1143 4408 1248 4469; x_wconf 88' lang='lat' dir='ltr'><strong>hac</strong></span> <span class='ocrx_word' id='word_1_334' title='bbox 1270 4406 1552 4469; x_wconf 73' lang='lat' dir='ltr'><strong>vocalium</strong></span> <span class='ocrx_word' id='word_1_335' title='bbox 1652 4410 1867 4470; x_wconf 80' lang='lat' dir='ltr'><strong>Sandv.</strong></span> <span class='ocrx_word' id='word_1_336' title='bbox 1899 4432 1959 4491; x_wconf 86' lang='lat' dir='ltr'><strong>p.</strong></span> <span class='ocrx_word' id='word_1_337' title='bbox 1993 4416 2049 4473; x_wconf 83' lang='lat'><strong>7.</strong></span> <span class='ocrx_word' id='word_1_338' title='bbox 2548 4438 2555 4445; x_wconf 94' lang='lat'><strong>·</strong></span> 
     </span>
    </p>
   </div>
  </div>
 </body>
</html>
