3032 4898
1228 435 1670 491 pantano.
2264 420 2546 502 *xxxix

328 607 785 687 adnotavit·
864 610 951 685 Si
1003 611 1519 693 eruditissimo
1570 625 1650 692 et
1716 615 2267 695 humanissimo
2300 616 2550 711 'Viro,

324 732 422 806 J.
456 734 598 808 Fr.
636 735 1166 827 Boissonadio,
1209 748 1333 815 tot
1371 742 1761 840 tantisque
1807 743 2141 841 negotiis
2187 745 2553 838 distento,

330 857 589 947 liceat,
643 869 732 935 ut
794 885 1111 960 operam
1168 888 1387 941 suam
1442 867 1527 941 in
1583 869 2034 944 venerandae
2068 870 2551 969 antiquitatis

328 984 801 1059 membranis
857 986 1410 1065 Parisiensibus
1461 992 1695 1090 regiis
1742 1003 1791 1035 “
1831 1000 2027 1069 1807
2080 972 2298 1092 (olim
2333 1002 2435 1070 94
2470 1006 2549 1072 et

330 1108 625 1206 2087)”
683 1118 901 1185 extra
955 1113 1240 1188 notatis
1307 1112 1649 1205 navaret,
1724 1127 1805 1194 et
1870 1119 2329 1195 variantium
2395 1121 2548 1196 lec-

330 1231 643 1307 tionum
678 1236 1117 1332 congeriem
1149 1238 1417 1314 eadem
1441 1264 1625 1317 cura
1657 1240 2081 1342 praes'titam
2110 1246 2384 1321 exinde
2416 1247 2544 1322 de-

332 1366 751 1455 promeret,
782 1382 959 1433 cum
994 1360 1214 1437 bonis
1265 1366 1620 1443 omnibus
1670 1391 2043 1445 summam
2099 1369 2325 1446 inibit
2372 1395 2544 1469 gra-

339 1479 556 1554 tiam.
587 1480 969 1557 Videntur
991 1483 1076 1558 hi
1105 1486 1455 1580 Codices,
1485 1500 1857 1589 quantum
1882 1493 2330 1591 conjectura
2352 1519 2548 1571 asse-

346 1603 490 1702 qui
508 1628 837 1703 possum,
851 1631 953 1682 ex
973 1632 1128 1682 uno
1149 1611 1572 1711 eodemque
1592 1613 1806 1690 fonte
1829 1616 2152 1692 derivati
2171 1627 2403 1715 atque
2425 1619 2552 1694 de-

354 1734 650 1833 scripti3
678 1761 764 1811 ac
792 1738 860 1811 si
889 1738 1222 1837 Dialogi,
1251 1739 1581 1839 Hippias
1612 1748 1961 1839 uterque,
1994 1724 2105 1830 Io,
2132 1751 2210 1817 et
2236 1743 2553 1818 Menex-

342 1882 539 1934 enus
583 1872 718 1937 aut
750 1864 895 1938 sub
928 1862 1159 1940 finem
1188 1864 1957 1957 Clarkio-Bodleiani,
1990 1876 2124 1943 aut
2149 1867 2373 1942 initio
2402 1869 2552 1944 Co-

328 1984 534 2060 dicis
562 1986 1013 2062 Parisiensis
1045 1989 1626 2089 superfuissent,
1669 2015 1954 2091 corpus
1992 1992 2283 2092 oppido
2320 2018 2551 2092 quam
2629 2094 2636 2099 Ι

331 2110 770 2209 pretiosum
807 2112 1226 2190 lectionum
1267 2116 1837 2192 Platonicarum
1873 2117 2396 2194 conficeretur.

444 2236 680 2320 Quod
726 2236 827 2312 ad
878 2238 1172 2314 reculas
1218 2263 1428 2315 meas
1460 2243 1765 2331 attinet,
1814 2242 2081 2342 paucis
2131 2242 2552 2341 expediam.

340 2361 793 2438 Scribebam
848 2386 1005 2439 non
1063 2364 1391 2440 docendi
1440 2367 1727 2458 studio,
1777 2368 1912 2442 sed
1963 2367 2315 2467 promissi
2375 2390 2554 2441 reus

334 2487 622 2576 factus,
651 2471 862 2587 quod
908 2490 1245 2578 demum,
1294 2499 1693 2590 utcunque
1748 2491 2000 2589 potui,
2046 2489 2314 2565 sedulo
2362 2513 2557 2587 prae-

338 2612 542 2688 stiti.
644 2612 923 2688 Multis
959 2621 1040 2688 et
1090 2614 1396 2712 magnis
1432 2614 1636 2689 curis
1670 2613 2009 2688 distento
2045 2611 2343 2687 animus
2377 2636 2556 2689 cou-

352 2736 681 2826 cidebat,
711 2738 1075 2836 torpebat
1106 2760 1425 2812 manus:
1477 2736 1605 2812 illa
1632 2739 1855 2813 bonae
1886 2737 2164 2815 mentis
2198 2762 2435 2828 soror,
2475 2748 2558 2815 et

350 2860 631 2959 saepius
680 2861 1249 2937 contubernalis
1287 2862 1621 2962 cogitata
1653 2863 2094 2962 perficiendi
2148 2865 2557 2940 consilium

342 2984 678 3086 disjecit,
698 2988 1057 3086 inquam?
1107 3013 1204 3063 an
1227 2990 1487 3089 potius
1515 2988 2012 3088 disperdidit:
2069 3013 2320 3088 neque
2348 2990 2555 3065 enim

340 3122 729 3211 occupata
777 3136 1037 3211 opera,
1075 3136 1218 3188 uec
1253 3113 1625 3212 impedito
1675 3114 1929 3190 animo
1979 3139 2099 3190 res
2142 3123 2358 3192 tanta
2390 3139 2556 3191 sus-

338 3239 506 3338 cipi
537 3247 824 3337 potest.
900 3239 1415 3316 Nihilominus
1439 3238 1961 3315 hortatoribus
1994 3241 2259 3316 amicis
2293 3240 2554 3316 nescio

345 3363 736 3462 quomodo
767 3364 1067 3439 animus
1102 3389 1268 3440 sese
1303 3365 1603 3462 erigens
1633 3363 1891 3451 telam,
1943 3386 2176 3461 quam
2232 3385 2554 3438 exorsus
2607 3345 2618 3360 ’

350 3499 492 3577 est,
531 3496 934 3589 pertexere
965 3490 1351 3566 sustinuit.
1457 3488 1776 3562 Initium
1811 3511 1860 3561 a
1892 3487 2164 3584 quinta
2195 3484 2555 3575 sectione,

346 3620 626 3712 utpote
660 3611 761 3687 ad
788 3611 1221 3688 Atticarum
1244 3634 1616 3688 venerum
1650 3609 2176 3684 salubritatem
2219 3610 2554 3711 perutili,

347 3733 808 3836 jampridem
826 3734 1158 3812 feceram
1180 3762 1201 3821 ;
1237 3744 1318 3811 et
1336 3757 1508 3810 mea
1540 3731 1863 3833 proinde
1882 3733 2552 3837 quantulacunque

349 3861 446 3936 ad
501 3859 974 3961 typographi
1028 3883 1255 3936 usum
1310 3859 1881 3960 exscripseram.
1987 3860 2137 3937 Sed
2171 3885 2351 3938 cum
2384 3862 2552 3938 aliis

342 3987 653 4063 excusis
687 3987 839 4063 ista
872 4007 1311 4083 quaererem,
1342 4007 1718 4083 nusquam
1757 4009 2196 4084 apparuere.
2303 3988 2554 4070 Quam

337 4109 753 4208 jacturam,
806 4110 997 4186 mihi
1050 4110 1368 4200 scilicet,
1423 4135 1582 4188 non
1637 4111 2082 4210 reipublicae
2142 4109 2555 4200 litterariae,

348 4235 660 4325 factam,
705 4236 916 4312 nulla
950 4237 1370 4336 diligentia,
1407 4236 1755 4335 quamvis
1788 4260 2163 4314 summam
2190 4231 2555 4310 adhibue-

354 4360 525 4448 rim,
563 4383 922 4460 reparare
970 4371 1400 4461 potueram.
1505 4361 1893 4461 Opposuit
1949 4356 2348 4435 materiem
2401 4356 2555 4435 for-

359 4484 562 4559 tuito
595 4486 856 4583 potius
877 4487 1384 4586 conquisitam
1409 4510 1644 4650 quam
1669 4485 1861 4558 scite
1881 4495 1962 4558 et
1993 4480 2275 4557 affabre
2306 4482 2559 4562 elabo-

118 4571 131 4592 ’
359 4617 605 4686 ratam
660 4607 1022 4688 festinata
1083 4634 1341 4711 opera.
1442 4609 1812 4690 “Quare
1869 4604 2148 4702 Lector
2203 4603 2558 4698 benigne,
