3032 4898
1535 433 1683 506 596

306 639 485 692 ποτ.
510 653 804 721 η--χρει
842 643 1139 716 ῃ-ῃοιι
1183 620 1345 696 sine
1397 620 1625 695 metri
1677 621 1972 696 ratione
2026 622 2109 695 in
2173 641 2403 696 versu
2456 619 2757 718 quinto

283 721 292 730 ·
367 705 432 802 Υ·
510 721 912 820 insigniter
943 720 1243 796 violata.
1349 720 1535 795 OEd.
1577 721 1761 820 Tyr.
1797 723 2229 818 563-(555).

716 861 1007 946 Επειθες,
1054 895 1092 943 η
1127 892 1206 932 unc
1230 860 1309 898 ⁸³⁸
1340 863 1598 945 επειθες,
1653 855 1742 942 ὦς
1778 865 2072 933 ΧΡΕῙΗ
2104 895 2155 952 μ
2196 892 2301 932 em

713 966 848 1034 Τον
882 993 1305 1052 σεμνομαντιν
1340 962 1545 1059 ανὸρα
1582 963 1949 1052 πεμψασθαι
1981 994 2123 1033 τινα
2152 985 2174 1044 ;

511 1107 860 1282 AEschjsrilli
900 1108 1169 1185 itidem
1197 1109 1455 1184 locum
1512 1109 1592 1182 in
1630 1107 2084 1188 Prometheo
2138 1131 2314 1207 pag.
2362 1113 2455 1182 17
2494 1107 2755 1204 (213).

512 1230 623 1283 sle
674 1231 756 1281 re
862 1233 1002 1306 ge:

708 1354 803 1419 To
834 1353 1086 1439 μελλον
1118 1354 1159 1432 ἦ
1209 1381 1538 1447 κραινοιτο
1580 1352 2124 1446 τ’τρουτεθεσπικει,

715 1454 818 1530 Ως
853 1481 928 1521 ου
964 1482 1082 1522 κατ
1120 1483 1316 1549 ισχυν
1351 1452 1495 1523 ov&
1528 1483 1701 1547 προς
1732 1482 1809 1521 το
1845 1482 2157 1547 napi-spon

712 1553 1006 1622 XPEIH
1031 1550 1133 1637 ⁸⁸⁸,
1171 1551 1350 1646 ὃολῳ
1364 1556 1490 1622 ΔΕ
1524 1582 1678 1632 τους
1701 1556 1833 1623 ΥΠ
1844 1554 2405 1622 ΕΡΕΧΟΝΤΑΣ
2437 1582 2737 1648 teporem.

530 1695 962 1773 Vaticinata
973 1699 1254 1798 fuerat
1308 1725 1450 1774 non
1482 1702 1653 1796 jam
1707 1700 2001 1786 virtute,
2078 1699 2211 1773 sed
2270 1698 2441 1773 dolo
2501 1721 2744 1798 supe-

501 1799 787 1873 randos
823 1824 1012 1889 esse,
1045 1802 1174 1901 qui
1201 1826 1445 1875 rerum
1467 1825 1741 1874 summa
1768 1810 2241 1899 poterentur.
2314 1800 2433 1873 De
2466 1811 2746 1874 nostro

512 1908 771 1972 autem
821 1934 1008 1999 χρειη
1063 1901 1288 1977 unice
1339 1900 1847 1999 reposuimus,
1956 1901 2156 1975 Nam
2212 1902 2391 1997 δολῳ
2449 1903 2519 1974 δε
2588 1900 2741 1974 &a

336 2029 487 2099 334
513 1999 558 2044 ¹*
588 1999 685 2072 ab
725 1999 824 2072 H.
865 2000 1257 2099 Stephano
1313 2002 1393 2075 in
1428 2001 1661 2076 variis
1716 2001 1927 2077 lectt.
1987 2011 2445 2077 recensetur.
2552 2000 2744 2075 Vul-

508 2107 691 2196 gata
724 2122 906 2174 vero
940 2101 1342 2200 scriptura,

709 2244 887 2338 Χρη,
939 2273 978 2321 η
1014 2240 1193 2336 δολῳ
1230 2273 1381 2322 τους
1414 2241 1849 2338 ὖπερεξοντας
1895 2272 2181 2338 xpm-ew„

507 2383 838 2474 quatuor
870 2377 966 2453 de
998 2378 1243 2454 causis
1275 2378 1773 2479 improbanda
1828 2387 1993 2452 est:
2044 2377 2425 2478 principio
2461 2379 2736 2479 utique

508 2478 610 2552 ob
642 2477 938 2554 hiatum
970 2479 1205 2554 istum
1255 2514 1390 2580 χρη
1439 2505 1527 2564 ηε
1585 2479 1921 2553 secundo
1958 2480 2057 2554 ob
2104 2479 2525 2555 trochaeum
2575 2491 2734 2563 τοῦς

507 2577 557 2649 ὅ
586 2603 605 2651 :
658 2579 890 2654 tertio
945 2582 1044 2654 ob
1106 2581 1456 2655 soloecam
1503 2581 2153 2654 donstructionem
2180 2581 2225 2626 ¹*
2274 2587 2368 2652 Το
2400 2579 2735 2678 μελλονῇ

508 2683 1012 2753 ΚΡΑῙΝΟῙΤΟ
1069 2715 1119 2755 π·
1164 2684 1609 2765 ουτεθεσπικει,
1660 2683 1749 2762 ὡς
1814 2686 2060 2759 XPH:
2118 2682 2217 2754 Ob
2273 2678 2735 2756 sententiam

508 2776 839 2876 denique
872 2781 1099 2855 absur
1199 2805 1276 2854 m
1310 2782 1501 2856 adeo
1564 2787 1654 2854 ut
1700 2779 1891 2854 nihil
1928 2805 2197 2879 supra:
2250 2805 2402 2880 qua
2435 2784 2731 2857 scilicet

509 2876 957 2967 declaratur,
1004 2882 1459 2980 superandos
1498 2880 1791 2979 quidem
1824 2907 1988 2954 esse
2026 2882 2154 2981 qui
2184 2907 2429 2956 rerum
2461 2910 2735 2959 summa

493 2986 954 3075 poterentur,
1006 2983 1094 3055 id
1118 3007 1289 3056 vero
1323 3007 1553 3080 neque
1587 2981 1755 3055 dolo
1790 2991 2027 3054 tamen
2061 3008 2191 3056 nec
2224 2984 2495 3059 virtute
2541 2986 2731 3081 effici

493 3101 744 3175 posse.
847 3080 1195 3155 Alterum
1228 3106 1457 3181 porro
1513 3082 1851 3179 germani
1898 3081 2190 3180 ingenii
2223 3084 2727 3161 soloecismum

510 3185 772 3254 extare
806 3179 1028 3254 video
1060 3208 1077 3256 :
1132 3205 1309 3280 pag.
1355 3188 1498 3255 163
1538 3183 1776 3276 (Pers.
1814 3188 1986 3271 791,
2020 3185 2152 3279 2.).

712 3323 793 3391 Ει
821 3353 906 3409 μη
941 3323 1355 3417 στρατευοισθ
1387 3354 1451 3402 ες
1485 3353 1601 3393 τον
1646 3324 1973 3401 Ελληνων
2008 3355 2238 3409 roa-ov,

711 3420 871 3502 Μηδ
903 3455 951 3493 ει
985 3455 1339 3519 στρατευμα
1375 3426 1603 3494 πλειον
1640 3426 1744 3494 HI
1778 3454 1853 3523 re
1888 3423 2191 3505 Μηδικον
2216 3422 2316 3494 ⁸³⁴.

593 3674 731 3729 332.
776 3669 931 3730 Vide
959 3691 1136 3750 supra
1160 3692 1218 3750 p.
1247 3677 1390 3731 494.
1433 3671 1567 3731 vide
1666 3670 1847 3750 Soph.
1901 3669 2046 3730 OEd.
2099 3670 2248 3750 Tyr.
2300 3677 2477 3733 1461.
2538 3685 2722 3755 σχεῖν,

510 3748 841 3809 Elmsleium
869 3752 946 3811 ad
973 3752 1013 3811 l.
1665 3751 1794 3811 Col.
1856 3756 2030 3811 1169.
2099 3748 2188 3810 Ὠ
2249 3758 2505 3833 φίλτατε,
2561 3760 2719 3835 σχές.

592 3835 731 3890 333.
766 3832 1186 3910 ὗπερέσχοντας
1213 3831 1392 3892 MSS.
1420 3852 1567 3892 non·-
1665 3832 1966 3911 Aristoph.
1989 3832 2382 3893 Theum.499.
2405 3837 2718 3916 μὴ’χυμεν

508 3909 672 3981 nulli,
734 3913 834 3990 qui
885 3911 1298 3993 aliquantisper
1370 3913 1568 3974 favent
1665 3912 1758 3971 vel
1810 3913 2004 3992 potius
2047 3916 2128 3991 μὴ
2259 3920 2436 3993 ὦμεν.
2514 3918 2595 3976 R.
2644 3918 2715 3979 Β.

507 3992 586 4051 R.
638 3992 713 4050 P.
764 3993 1193 4069 ὑπερσχόνταςι
1243 3994 1348 4053 sed
1393 3994 1566 4054 lectio
1651 3994 1874 4072 ’χωμεν
1896 3993 2081 4053 Piers.
2108 3994 2186 4054 ad
2283 4017 2390 4054 oer.
2415 4018 2475 4075 p.
2503 4003 2559 4056 6.
2586 3998 2717 4077 Lyn.

508 4073 750 4151 vulgata
777 4078 814 4106 “
843 4092 1068 4132 merum
1096 4085 1186 4133 est
1215 4075 1564 4154 typographi
1670 4080 1808 4133 648.
1855 4077 2068 4152 σχοῦσ’.
2112 4079 2248 4136 789.
2288 4081 2500 4157 σχοῖμ’,
2545 4078 2717 4139 Anti·

506 4168 758 4213 erratum
787 4155 890 4233 qui
915 4152 1235 4232 simplicem
1268 4180 1313 4233 χ
1337 4156 1563 4215 literam
1664 4155 1881 4235 phanes
1929 4153 2085 4235 apud
2135 4155 2352 4217 Athen.
2400 4179 2444 4229 1,
2486 4166 2584 4217 23.
2640 4160 2720 4219 A.

507 4253 617 4311 pro
636 4254 792 4294 nexu
815 4235 1224 4313 exposuerit.”
1241 4235 1403 4295 Pers.
1427 4240 1563 4296 708.
1666 4240 1860 4315 σχόντ’
1885 4235 1964 4295 R.
1996 4236 2074 4295 P.
2104 4235 2320 4297 Advas.
2351 4258 2410 4316 p.
2440 4245 2540 4299 49.
2565 4240 2717 4301 adde

508 4326 569 4370 et
605 4313 811 4391 fragm.
860 4316 1016 4393 apud
1060 4316 1254 4373 Strab.
1302 4335 1383 4386 xv,
1422 4321 1560 4373 252.
1666 4317 1847 4394 Soph.
1893 4316 2036 4376 OEd.
2064 4316 2209 4393 Tyr.
2254 4323 2577 4383 789-798.
2622 4320 2715 4383 El.

507 4390 632 4450 Ox.
677 4407 739 4452 et
764 4394 907 4453 Eur.
954 4395 1140 4473 Hipp.
1177 4399 1354 4454 1365.
1394 4397 1565 4472 ὑπερ·
1669 4402 1805 4457 716.
1852 4396 1997 4456 Eur.
2030 4396 2315 4456 Androm.
2349 4404 2444 4459 78.

509 4473 689 4546 σχῶν.
717 4472 858 4533 Eur.
893 4473 1000 4532 Ph.
1041 4479 1217 4537 1399.
1249 4477 1559 4553 ὑπερσχὸν.
1749 4482 1885 4537 334.
1938 4478 1989 4536 l.
2034 4481 2399 4554 crparcvt'pofl‘
2439 4484 2521 4547 εἷς
2570 4480 2705 4543 MS.
