3032 4898
1067 948 1567 1031 SECTIO
1647 949 1716 1030 Ι.

400 1492 977 1571 Emendationes
1008 1494 1298 1571 selectae
1329 1498 1410 1572 in
1454 1497 1972 1573 Terentianum
2005 1496 2381 1577 Maurum.

296 1716 822 1792 humma
855 1740 1004 1794 usu
1053 1717 1352 1796 venisse
1402 1719 1935 1818 comperimuS‚
1983 1729 2071 1794 ut
2121 1719 2500 1795 fortunam
2523 1741 2698 1792 sec-r.
2747 1792 2772 1813 ,

298 1815 793 1912 Hesychianae
872 1840 1105 1915 quam
1185 1819 1509 1893 maxime
1591 1819 1992 1917 gemellam
2074 1818 2305 1894 fuerit
2373 1843 2500 1894 ex·
2587 1806 2629 1853 ¹·
2707 1888 2714 1908 ,
2809 1865 2816 1873 -

291 1925 560 2013 pertus
582 1918 625 1989 ¹.
702 1917 1038 1991 Tantum
1070 1940 1223 1991 non
1257 1919 1449 1993 adeo
1487 1926 1699 1993 totus
1735 1928 2054 2015 uterque
2087 1918 2497 2006 intercidit,

294 2023 385 2089 ut
416 2014 729 2089 unicum
755 2016 1149 2112 utriusque
1181 2017 1562 2116 exemplar
1586 2017 1986 2114 aliquando
2012 2016 2492 2116 superfuerit.

292 2114 569 2210 Neque
600 2114 841 2210 igitur
864 2114 1115 2188 mirari
1138 2117 1402 2190 subest
1427 2116 1627 2190 illius
1653 2117 1966 2214 perinde
1999 2124 2230 2213 atque
2262 2116 2497 2213 hujus

290 2212 653 2310 reliquias
702 2213 998 2287 mendis
1043 2213 1246 2288 haud
1292 2215 1592 2290 levibus
1633 2225 1947 2290 scatere.
2051 2216 2282 2298 Quod
2315 2216 2381 2290 si
2413 2216 2499 2290 in

292 2309 679 2409 Hesychio
712 2312 941 2409 longe
987 2312 1229 2409 major
1280 2336 1508 2410 quam
1548 2336 1690 2411 pro
1723 2313 2004 2410 majori.
2037 2314 2268 2387 etiam
2301 2314 2499 2388 mole

285 2413 633 2488 locorum
664 2420 1196 2510 corruptorum
1226 2430 1589 2488 numerus
1624 2411 2164 2511 conspiciatur,
2206 2411 2288 2484 id
2316 2434 2502 2488 vero

290 2510 565 2586 exinde
599 2510 1016 2609 contigisse
1049 2513 1513 2587 censendum
1549 2520 1690 2597 est,
1722 2511 1932 2607 quod
1966 2533 2013 2583 a
2045 2509 2304 2582 multis
2341 2509 2504 2604 jam

288 2610 591 2685 saeculis
632 2610 999 2684 sermonis
1038 2610 1363 2685 Romani
1394 2610 1625 2704 longe
1659 2607 1947 2703 majore
1980 2628 2210 2702 quam
2260 2606 2506 2683 Gtaeci

292 2709 579 2807 peritia
612 2709 732 2784 usi
762 2709 920 2784 sint
963 2734 1117 2784 non
1153 2709 1400 2783 solum
1422 2704 1713 2781 librarii
1746 2705 1882 2781 sed
1916 2713 1998 2780 et
2024 2704 2504 2783 humaniores

294 2807 644 2923 plerique
676 2831 958 2884 omnes.
1063 2807 1282 2884 Fecit
1366 2804 1622 2883 uidem
1655 2806 2131 2883 eruditorum
2181 2831 2363 2884 cura
2412 2817 2502 2884 ut

292 2929 379 2981 m
416 2905 796 3006 Hesychia
831 2909 1104 3005 ingens
1123 2931 1300 2984 men
1354 2929 1576 2983 orum
1595 2907 1945 2983 cumulus
1970 2915 2268 3006 partem
2293 2908 2501 2982 haud

290 3007 648 3105 exiguam
729 3006 1159 3083 decreverit
1186 3025 1237 3081 ε·
1279 3006 1466 3083 fecit
1525 3006 1792 3082 itidem
1852 3015 1941 3081 ut
1993 3007 2501 3081 Terentianus

286 3105 498 3181 haud
518 3106 751 3205 paulo
780 3105 1275 3181 emaculatior
1300 3106 1649 3181 evaserit.
1726 3106 1875 3180 Sed
1894 3105 2224 3179 necdum
2243 3114 2502 3181 tamen

288 3203 637 3304 perfecit,
656 3197 845 3304 quin
882 3214 1120 3280 restet
1151 3205 1399 3280 adhue
1431 3206 1508 3280 in
1544 3216 1868 3303 utroque
1902 3204 2089 3280 satis
2121 3226 2502 3320 superque

288 3304 544 3403 ampla
574 3304 959 3392 materies,
981 3303 1061 3379 in
1089 3328 1242 3403 qua
1264 3327 1346 3379 se
1372 3327 1728 3380 exercere
1753 3305 1998 3406 possit
2035 3303 2501 3377 criticorum

286 3404 504 3501 genti
529 3404 896 3502 quicquid
918 3413 1038 3478 est
1061 3404 1369 3502 ingenii.
1424 3404 1580 3477 Eos
1602 3405 1698 3478 ad
1721 3414 2120 3497 utramque
2149 3401 2500 3495 Spartam

288 3504 807 3579 adornandam
838 3508 884 3549 ⁴⁵
908 3503 1337 3578 studiorum
1363 3526 1676 3577 suorum
1708 3497 2261 3598 aliquantulum
2294 3506 2498 3571 certe
2568 3485 2618 3555 2

292 3601 722 3676 conlaturos
763 3625 1180 3701 speramus.
1287 3601 1604 3676 Interim
1656 3621 1840 3674 vero
1885 3597 2080 3668 libet
2120 3603 2201 3668 et
2259 3595 2499 3684 nobis,

288 3699 797 3798 qualicunque
851 3725 1209 3778 successu
1268 3702 1348 3775 in
1401 3722 1486 3774 re
1536 3696 1801 3772 critica
1843 3694 2182 3806 versatis,
2231 3720 2499 3777 eorum

378 3901 433 3956 1.
477 3897 750 3980 Hesychii
778 3899 988 3959 Codex
1013 3901 1215 3960 unicus
1240 3899 1345 3959 ad·
1446 3916 1660 3974 magno
1698 3895 1992 3959 literarum
2018 3899 2410 3960 emolumento
2436 3898 2494 3957 in

292 3976 405 4036 hnc
424 3998 491 4037 su
596 3993 686 4040 est
708 3981 769 4039 in
792 3977 1159 4040 Bibliotheca
1178 3979 1344 4039 Mar·
1444 3978 1633 4038 lucem
1660 3979 1901 4056 protulit
1922 3979 2006 4038 N.
2026 3980 2323 4049 Schowius,
2352 3978 2494 4055 Lip-

291 4056 451 4117 ciann
572 4060 780 4119 enetiia
847 4059 1204 4130 adservatae,
1270 4058 1348 4119 ad
1444 4059 1552 4118 siae
1575 4063 1748 4119 1792.
1830 4059 2066 4118 Utinam
2083 4059 2368 4137 quispiam
2387 4057 2493 4112 ho·

294 4155 462 4212 quem
509 4157 739 4198 summa
780 4157 917 4197 cum
954 4139 1250 4217 religione,
1281 4152 1347 4197 ut
1444 4137 1541 4197 die
1580 4158 1701 4196 rem
1742 4138 2079 4197 litterariam
2115 4139 2246 4199 locu
2287 4136 2494 4193 letaret

294 4215 428 4275 mihi
454 4218 691 4295 quidem
740 4217 993 4286 videtur,
1036 4219 1344 4278 editionem
1444 4219 1559 4276 isto
1586 4216 1784 4276 Mauri
1821 4216 2019 4277 codice
2058 4217 2196 4275 olim
2279 4211 2393 4268 obii
2433 4211 2491 4268 in

296 4293 651 4358 Albucia-m
680 4297 904 4374 exegit,
934 4298 1146 4356 veteris
1162 4299 1345 4376 scrip-
1445 4296 1751 4364 Coenobio‚
1791 4317 1868 4355 ex
1896 4315 2014 4372 quo
2041 4291 2268 4352 effluxit
2295 4286 2491 4350 Editio

295 4386 442 4432 ture
467 4377 845 4452 quantumvis
888 4396 1174 4452 perversa
1215 4398 1345 4438 ves·
1444 4377 1648 4455 prima.

293 4452 432 4530 tigia
450 4454 596 4515 bom
618 4456 739 4515 fide
758 4455 929 4523 eruit,
950 4469 1009 4514 et
1033 4475 1201 4534 curas
1215 4477 1347 4517 suas

1558 4554 1606 4601 Β
