3032 4898
1178 428 1614 481 ram-Ano.
2364 405 2486 481 *xi

278 612 543 680 tamen
580 604 831 679 indies
862 605 961 681 ad
1012 605 1339 682 claustra
1371 608 1778 684 reseranda
1811 607 1890 681 in
1923 606 2276 705 apricum
2308 603 2488 680 affe·

282 738 605 815 mutui-3
625 741 710 807 et
736 731 1065 809 multum
1088 731 1281 807 lucis
1303 756 1347 805 e
1367 732 1880 807 monumentis
1900 732 1980 805 in
2000 740 2204 807 terra
2229 729 2484 807 adhuc

284 852 569 928 abditis
622 856 937 931 tandem
982 856 1389 954 aliquando
1424 867 1678 956 poetae
1723 857 2248 954 impartietur3
2288 863 2482 932 tem·

290 998 481 1074 pora
508 988 767 1055 tamen
790 979 1044 1058 fausta
1062 990 1142 1058 et
1166 981 1363 1057 soles
1382 981 1812 1057 fortunatos
1847 1004 2004 1056 non
2034 980 2200 1057 sine
2224 980 2477 1079 suspi-

284 1109 464 1174 ratn
488 1101 1032 1181 desideramus.
1095 1104 1381 1184 Verum
1400 1107 1789 1184 enimvero
1816 1113 1932 1192 ut,
1956 1105 2168 1202 quod
2198 1104 2478 1190 sentio,

242 1301 249 1307 .
284 1222 531 1303 libere
568 1226 857 1327 loquar,
907 1231 1005 1306 de
1054 1230 1196 1309 hac
1238 1257 1323 1310 re
1355 1232 1584 1309 altius
1641 1230 1928 1309 insedit
1961 1252 2193 1316 error,
2248 1251 2480 1326 quam

290 1360 383 1424 ut
442 1353 768 1431 convelli
826 1378 1168 1454 unquam
1217 1368 1473 1457 queat,
1557 1356 1707 1433 nisi
1774 1362 2229 1433 concurrant
2293 1355 2480 1429 adu-2

287 1474 678 1555 lesoentiae
730 1478 1200 1559 celeberrimi
1250 1485 1612 1561 ductores
1670 1492 1754 1557 et
1799 1481 2280 1556 eruditorum
2319 1503 2483 1555 mo-

294 1598 545 1675 limini
574 1603 988 1704 adspirent.
1071 1607 1438 1683 Ceterum
1469 1607 1591 1681 vis
1624 1615 1704 1682 et
1734 1604 2175 1703 pulcritudo
2210 1614 2485 1701 poetae,

305 1729 649 1824 quamvis
696 1730 835 1807 diu
900 1741 987 1809 et
1062 1732 1393 1809 multum
1454 1732 1883 1818 obscurata,
1955 1729 2282 1805 lectores
2349 1727 2480 1802 de·

292 1851 519 1929 linire
550 1864 630 1930 et
662 1864 1070 1954 percutere
1113 1881 1504 1957 nunquam
1531 1856 1933 1932 desinent:
1985 1854 2212 1929 arbor
2245 1875 2482 1927 anno-

282 2001 422 2051 sus
448 1980 763 2056 exuvias
792 1990 1078 2056 veteres
1097 1982 1393 2081 populi,
1440 1994 1891 2083 sacrataque
1922 1990 2238 2081 gestans
2260 1979 2486 2057 Dona

288 2103 735 2183 adhucdum
770 2117 1091 2204 vegetus
1136 2109 1403 2207 spirat,
1452 2109 1959 2208 amplissimos
2012 2129 2263 2181 ramos
2310 2128 2486 2202 pro·

290 2230 641 2319 tendens,
656 2238 741 2305 et
760 2231 1260 2309 mellitissimo
1285 2231 1681 2309 fructuum
1707 2238 2092 2331 proventu
2119 2229 2486 2327 gaudens·

292 2354 555 2455 objici
610 2381 894 2460 nempe
936 2367 1195 2459 potest
1226 2383 1350 2434 me
1385 2357 1643 2459 paullo
1674 2356 2119 2456 loquentem
2176 2351 2489 2439 liberius

292 2482 392 2558 de
418 2482 860 2560 charactere
893 2486 1161 2560 scabra
1181 2482 1530 2579 robigine
1552 2503 1784 2556 exeso
1817 2480 2077 2576 ipsum
2101 2477 2493 2552 Homer-eo

288 2608 616 2683 carmini
674 2632 819 2708 per
873 2607 1132 2684 omnia
1190 2607 1792 2698 haudquaquam
1863 2597 2306 2683 addixisse;
2351 2596 2497 2695 sa-

304 2739 521 2815 tem-,-
552 2733 829 2831 παφα·
863 2726 1562 2814 ηοπαόἱίἰοηιοιίο,
1599 2721 2498 2823 Sedntquisquehabm't

304 2855 509 2953 qnod
545 2857 962 2934 conveniret
1020 2855 1251 2938 mihi,·
1323 2852 1545 2942 Quod
1597 2875 1711 2928 me
1764 2875 1906 2928 non
1966 2874 2190 2949 pocae
2242 2848 2497 2926 naelim

270 2982 553 3080 facere
584 2983 909 3069 credidi,
958 2981 1227 3057 Etiam
1278 3006 1330 3054 a
1376 2978 1718 3056 Lumo.
1827 2976 1893 3050 E
1947 2973 2497 3074 gazophylacio

296 3106 709 3195 ditissimo,
803 3118 888 3184 et
957 3104 1387 3181 lautissima
1472 3104 1602 3178 illa
1691 3102 2288 3201 Inscriptionum
2361 3122 2498 3176 an-

299 3232 695 3328 tiquarum
750 3228 1226 3329 supellectile
1290 3251 1338 3304 a
1385 3229 1747 3327 proeclaro
1821 3229 1931 3302 Α.
1986 3225 2326 3302 ΒοσΙεΙιίο
2375 3226 2494 3300 in·

298 3356 607 3444 choata,
629 3355 980 3456 quaedam
1016 3356 1326 3431 demum
1354 3353 1614 3429 addidi
1646 3376 1819 3451 quoe
1841 3351 2127 3449 aliquid
2162 3350 2259 3423 ad
2295 3369 2496 3422 verae

298 3480 711 3579 scriptura».
800 3477 1375 3576 indagationem
1488 3474 2056 3553 commoditatis
2156 3468 2493 3545 afferant.

300 3615 353 3650 ‘⁸
390 3603 866 3700 Hujusmodi
928 3603 1203 3680 rudera
1261 3603 1467 3678 sicut
1526 3623 1779 3676 sacros
1840 3604 2230 3674 vetustate
2281 3593 2495 3671 lucos

308 3729 741 3817 adoremus,
823 3729 905 3804 in
964 3730 1244 3826 quibus
1312 3727 1636 3825 grandia
1700 3735 1783 3800 et
1849 3723 2164 3821 antiqua
2223 3722 2497 3798 robora

295 3854 471 3954 jam
504 3876 659 3932 non
704 3862 1001 3930 tantam
1047 3853 1335 3929 habent
1402 3852 1764 3951 speciem,
1817 3858 2179 3949 quantam
2235 3847 2496 3947 religi-

305 3979 608 4057 onem.''
744 3977 1175 4054 Primorum
1258 3979 1495 4056 etiam
1583 3978 1942 4063 virorum,
2023 3977 2159 4073 qui
2226 3976 2499 4051 dumos

308 4105 513 4180 inter
561 4114 642 4180 et
701 4126 976 4202 aspera
1027 4104 1364 4179 laborem
1414 4114 1956 4205 provocarunt,
2017 4098 2501 4198 conjecturas

311 4227 502 4304 meis
536 4227 827 4303 notulis
855 4226 1125 4302 leviter
1149 4228 1458 4305 adsutas
1486 4225 2114 4306 commemoravi:
2152 4233 2232 4299 et
2265 4221 2505 4295 Geor-

308 4352 445 4450 gia
477 4354 819 4454 Bur-ges,
870 4353 1116 4430 amico
1151 4365 1387 4443 certo,
1437 4367 1672 4455 atque
1702 4351 2090 4431 rarissimo
2124 4370 2303 4420 cum
2332 4370 2506 4445 pro-

318 4474 577 4556 bitatis
610 4488 785 4554 tum
834 4476 1158 4556 solertiae
1210 4479 1758 4576 industriaeque
1794 4479 2279 4556 documento,
2330 4495 2502 4563 gra·

1575 4605 1625 4672 b
1662 4606 1709 4670 2
